
<marc:record><marc:leader>01093cjm a2200277 c 4500</marc:leader>
<marc:controlfield tag="001">990611140224702201</marc:controlfield>
<marc:controlfield tag="003">BIBSYS</marc:controlfield><marc:controlfield tag="005">20171108160820.0</marc:controlfield><marc:controlfield tag="007">sd f||||||||||</marc:controlfield><marc:controlfield tag="008">150206s1987    xx#|||| ||||||||||||und|d</marc:controlfield><marc:datafield tag="028" ind1="0" ind2="3"><marc:subfield code="a">25668-2</marc:subfield></marc:datafield><marc:datafield tag="040" ind1=" " ind2=" "><marc:subfield code="a">NO-TrBIB</marc:subfield><marc:subfield code="b">nob</marc:subfield><marc:subfield code="e">katreg</marc:subfield></marc:datafield><marc:datafield tag="100" ind1="1" ind2=" "><marc:subfield code="a">Williams, John</marc:subfield><marc:subfield code="d">1932-</marc:subfield><marc:subfield code="0">(NO-TrBIB)5056598</marc:subfield><marc:subfield code="1">http://www.wikidata.org/entity/Q131285</marc:subfield><marc:subfield code="4">http://rdaregistry.info/Elements/w/object/P10055</marc:subfield></marc:datafield><marc:datafield tag="240" ind1=" " ind2=" "><marc:subfield code="a">Empire of the sun</marc:subfield><marc:subfield code="1">http://www.wikidata.org/entity/Q3724830</marc:subfield></marc:datafield><marc:datafield tag="245" ind1="1" ind2="0"><marc:subfield code="a">Empire of the sun</marc:subfield><marc:subfield code="c">John Williams</marc:subfield><marc:subfield code="h">[lydopptak]</marc:subfield></marc:datafield><marc:datafield tag="260" ind1=" " ind2=" "><marc:subfield code="a">[S.l.]</marc:subfield><marc:subfield code="b">Warner Bros.</marc:subfield><marc:subfield code="c">1987</marc:subfield></marc:datafield><marc:datafield tag="300" ind1=" " ind2=" "><marc:subfield code="a">1 plate (CD)</marc:subfield></marc:datafield><marc:datafield tag="380" ind1=" " ind2=" "><marc:subfield code="a">Filmmusikk</marc:subfield><marc:subfield code="2">emnmus</marc:subfield></marc:datafield><marc:datafield tag="500" ind1=" " ind2=" "><marc:subfield code="a">Filmen bygger på en roman av J.G. Ballard.</marc:subfield></marc:datafield><marc:datafield tag="500" ind1=" " ind2=" "><marc:subfield code="a">Norsk tittel: Solens rike</marc:subfield></marc:datafield><marc:datafield tag="500" ind1=" " ind2=" "><marc:subfield code="a">Rolleliste: John Malkovich, Miranda Richardson, Nigel Havers.</marc:subfield></marc:datafield><marc:datafield tag="500" ind1=" " ind2=" "><marc:subfield code="a">Warner 25668-2</marc:subfield></marc:datafield><marc:datafield tag="700" ind1="1" ind2=" "><marc:subfield code="a">Spielberg, Steven</marc:subfield><marc:subfield code="d">1946-</marc:subfield><marc:subfield code="0">(NO-TrBIB)90116975</marc:subfield><marc:subfield code="4">drt</marc:subfield></marc:datafield><marc:datafield tag="730" ind1="1" ind2=" "><marc:subfield code="a">Empire of the sun</marc:subfield><marc:subfield code="1">http://viaf.org/viaf/293611582</marc:subfield><marc:subfield code="4">http://rdaregistry.info/Elements/w/object/P10245</marc:subfield></marc:datafield><marc:datafield tag="740" ind1="0" ind2=" "><marc:subfield code="a">Solens rike</marc:subfield></marc:datafield><marc:datafield tag="740" ind1="0" ind2=" "><marc:subfield code="a">The China odyssey</marc:subfield></marc:datafield></marc:record>