
<marc:record><marc:leader>00803cja a2200193 c 4500</marc:leader>
<marc:controlfield tag="001">990611140814702201</marc:controlfield>
<marc:controlfield tag="003">BIBSYS</marc:controlfield><marc:controlfield tag="005">20190130101006.0</marc:controlfield><marc:controlfield tag="007">sd f||||||||||</marc:controlfield><marc:controlfield tag="008">060711s1987    xx#|||| ||||||||||||und|d</marc:controlfield><marc:datafield tag="040" ind1=" " ind2=" "><marc:subfield code="a">NO-TrBIB</marc:subfield><marc:subfield code="b">nob</marc:subfield><marc:subfield code="e">katreg</marc:subfield></marc:datafield><marc:datafield tag="100" ind1="1" ind2=" "><marc:subfield code="a">Williams, John</marc:subfield><marc:subfield code="d">1932-</marc:subfield><marc:subfield code="0">(NO-TrBIB)5056598</marc:subfield><marc:subfield code="1">http://www.wikidata.org/entity/Q131285</marc:subfield><marc:subfield code="4">http://rdaregistry.info/Elements/w/object/P10053</marc:subfield></marc:datafield><marc:datafield tag="240" ind1=" " ind2=" "><marc:subfield code="a">Jim's new life</marc:subfield><marc:subfield code="1">http://www.wikidata.org/entity/Q3724830/jimsnewlife</marc:subfield></marc:datafield><marc:datafield tag="245" ind1="0" ind2="0"><marc:subfield code="a">Jim's new life</marc:subfield><marc:subfield code="h">[lydopptak]</marc:subfield></marc:datafield><marc:datafield tag="260" ind1=" " ind2=" "><marc:subfield code="c">1987</marc:subfield></marc:datafield><marc:datafield tag="380" ind1=" " ind2=" "><marc:subfield code="a">Filmmusikk</marc:subfield><marc:subfield code="2">emnmus</marc:subfield></marc:datafield><marc:datafield tag="700" ind1="1" ind2=" "><marc:subfield code="a">Spielberg, Steven</marc:subfield></marc:datafield><marc:datafield tag="730" ind1="1" ind2=" "><marc:subfield code="a">Empire of the sun</marc:subfield><marc:subfield code="1">http://viaf.org/viaf/293611582</marc:subfield><marc:subfield code="4">http://rdaregistry.info/Elements/w/object/P10245</marc:subfield></marc:datafield><marc:datafield tag="773" ind1="0" ind2=" "><marc:subfield code="a">Williams, John</marc:subfield><marc:subfield code="t">Empire of the sun</marc:subfield><marc:subfield code="d">[S.l.] : Warner Bros., 1987</marc:subfield><marc:subfield code="w">990611140224702201</marc:subfield></marc:datafield></marc:record>