
<marc:record><marc:leader>01154cam a2200265 c 4500</marc:leader>
<marc:controlfield tag="001">990615550454702201</marc:controlfield>
<marc:controlfield tag="003">BIBSYS</marc:controlfield><marc:controlfield tag="005">20210605100507.0</marc:controlfield><marc:controlfield tag="007">ta</marc:controlfield><marc:controlfield tag="008">150206s2007    xx#|||||||||||000|f|eng|d</marc:controlfield><marc:datafield tag="020" ind1=" " ind2=" "><marc:subfield code="a">0007232470</marc:subfield><marc:subfield code="q">h.</marc:subfield></marc:datafield><marc:datafield tag="020" ind1=" " ind2=" "><marc:subfield code="a">9780007232475</marc:subfield><marc:subfield code="q">h.</marc:subfield></marc:datafield><marc:datafield tag="040" ind1=" " ind2=" "><marc:subfield code="a">NO-TrBIB</marc:subfield><marc:subfield code="b">nob</marc:subfield><marc:subfield code="e">katreg</marc:subfield></marc:datafield><marc:datafield tag="080" ind1=" " ind2=" "><marc:subfield code="a">820</marc:subfield></marc:datafield><marc:datafield tag="100" ind1="1" ind2=" "><marc:subfield code="a">Ballard, J.G.</marc:subfield><marc:subfield code="d">1930-2009</marc:subfield><marc:subfield code="0">(NO-TrBIB)90199005</marc:subfield><marc:subfield code="1">http://viaf.org/viaf/9842556</marc:subfield><marc:subfield code="4">http://rdaregistry.info/Elements/w/object/P10061</marc:subfield></marc:datafield><marc:datafield tag="240" ind1="1" ind2="0"><marc:subfield code="a">Kingdom Come</marc:subfield><marc:subfield code="1">http://viaf.org/viaf/3952163159958701640003</marc:subfield></marc:datafield><marc:datafield tag="245" ind1="1" ind2="0"><marc:subfield code="a">Kingdom come</marc:subfield><marc:subfield code="c">J.G. Ballard</marc:subfield></marc:datafield><marc:datafield tag="260" ind1=" " ind2=" "><marc:subfield code="a">London</marc:subfield><marc:subfield code="b">HarperCollins</marc:subfield><marc:subfield code="c">2007</marc:subfield></marc:datafield><marc:datafield tag="300" ind1=" " ind2=" "><marc:subfield code="a">280, 16 s.</marc:subfield></marc:datafield><marc:datafield tag="336" ind1=" " ind2=" "><marc:subfield code="a">tekst</marc:subfield><marc:subfield code="0">http://rdaregistry.info/termList/RDAContentType/1020</marc:subfield></marc:datafield><marc:datafield tag="337" ind1=" " ind2=" "><marc:subfield code="a">uformidlet</marc:subfield><marc:subfield code="0">http://rdaregistry.info/termList/RDAMediaType/1007</marc:subfield></marc:datafield><marc:datafield tag="338" ind1=" " ind2=" "><marc:subfield code="a">bind</marc:subfield><marc:subfield code="0">http://rdaregistry.info/termList/RDACarrierType/1049</marc:subfield></marc:datafield><marc:datafield tag="380" ind1=" " ind2=" "><marc:subfield code="a">Språkbasert verk</marc:subfield><marc:subfield code="1">https://schema.nb.no/Bibliographic/Values/V1000</marc:subfield></marc:datafield><marc:datafield tag="856" ind1="4" ind2="2"><marc:subfield code="3">Forlagets beskrivelse (kort)</marc:subfield><marc:subfield code="u">https://contents.bibs.aws.unit.no/content/?isbn=9780007232475</marc:subfield></marc:datafield><marc:datafield tag="856" ind1="4" ind2="2"><marc:subfield code="3">Forlagets beskrivelse (lang)</marc:subfield><marc:subfield code="u">https://contents.bibs.aws.unit.no/content/?isbn=9780007232475</marc:subfield></marc:datafield></marc:record>