
<marc:record><marc:leader>00809caa a2200181 c 4500</marc:leader>
<marc:controlfield tag="001">990900892194702201</marc:controlfield>
<marc:controlfield tag="003">BIBSYS</marc:controlfield><marc:controlfield tag="005">20190130102739.0</marc:controlfield><marc:controlfield tag="007">co||||||||||||</marc:controlfield><marc:controlfield tag="008">150206s2008    xx#|||||#####|000|u|eng|d</marc:controlfield><marc:datafield tag="040" ind1=" " ind2=" "><marc:subfield code="a">NO-TrBIB</marc:subfield><marc:subfield code="b">nob</marc:subfield><marc:subfield code="e">katreg</marc:subfield></marc:datafield><marc:datafield tag="100" ind1="1" ind2=" "><marc:subfield code="a">Ballard, J.G.</marc:subfield><marc:subfield code="d">1930-2009</marc:subfield><marc:subfield code="0">(NO-TrBIB)90199005</marc:subfield><marc:subfield code="1">http://viaf.org/viaf/9842556</marc:subfield><marc:subfield code="4">http://rdaregistry.info/Elements/w/object/P10059</marc:subfield></marc:datafield><marc:datafield tag="245" ind1="1" ind2="0"><marc:subfield code="a">The living novelist</marc:subfield><marc:subfield code="c">J.G. Ballard ; interviewer: George MacBeth</marc:subfield><marc:subfield code="h">[elektronisk ressurs]</marc:subfield></marc:datafield><marc:datafield tag="260" ind1=" " ind2=" "><marc:subfield code="c">2008</marc:subfield></marc:datafield><marc:datafield tag="300" ind1=" " ind2=" "><marc:subfield code="a">6 min., 50 sek. (extract)</marc:subfield></marc:datafield><marc:datafield tag="500" ind1=" " ind2=" "><marc:subfield code="a">Date of broadcast: 09.06.1973</marc:subfield></marc:datafield><marc:datafield tag="700" ind1="1" ind2=" "><marc:subfield code="a">MacBeth, George</marc:subfield><marc:subfield code="0">(NO-TrBIB)90119481</marc:subfield><marc:subfield code="1">http://viaf.org/viaf/79030479</marc:subfield><marc:subfield code="4">http://rdaregistry.info/Elements/w/object/P10057</marc:subfield></marc:datafield><marc:datafield tag="773" ind1="0" ind2=" "><marc:subfield code="t">The Spoken Word</marc:subfield><marc:subfield code="d">The British Library Board, 2008</marc:subfield><marc:subfield code="z">9780712305419</marc:subfield><marc:subfield code="w">990826539764702201</marc:subfield></marc:datafield></marc:record>