
<marc:record><marc:leader>01792cam a22004097c 4500</marc:leader>
<marc:controlfield tag="001">991305624914702201</marc:controlfield>
<marc:controlfield tag="003">BIBSYS</marc:controlfield><marc:controlfield tag="005">20210128110010.0</marc:controlfield><marc:controlfield tag="007">ta</marc:controlfield><marc:controlfield tag="008">150206s1972    xx#|||||||||||000|||eng|c</marc:controlfield><marc:datafield tag="020" ind1=" " ind2=" "><marc:subfield code="a">0425021750</marc:subfield><marc:subfield code="q">h.</marc:subfield></marc:datafield><marc:datafield tag="040" ind1=" " ind2=" "><marc:subfield code="a">NO-TrBIB</marc:subfield><marc:subfield code="b">nob</marc:subfield><marc:subfield code="e">katreg</marc:subfield></marc:datafield><marc:datafield tag="245" ind1="0" ind2="0"><marc:subfield code="a">The ruins of the earth :</marc:subfield><marc:subfield code="b">16 stories of the future</marc:subfield><marc:subfield code="c">edited by Thomas M. Disch</marc:subfield></marc:datafield><marc:datafield tag="260" ind1=" " ind2=" "><marc:subfield code="a">New York</marc:subfield><marc:subfield code="b">Berkley publishing corp.</marc:subfield><marc:subfield code="c">1972</marc:subfield></marc:datafield><marc:datafield tag="300" ind1=" " ind2=" "><marc:subfield code="a">287 s.</marc:subfield></marc:datafield><marc:datafield tag="336" ind1=" " ind2=" "><marc:subfield code="a">tekst</marc:subfield><marc:subfield code="0">http://rdaregistry.info/termList/RDAContentType/1020</marc:subfield></marc:datafield><marc:datafield tag="337" ind1=" " ind2=" "><marc:subfield code="a">uformidlet</marc:subfield><marc:subfield code="0">http://rdaregistry.info/termList/RDAMediaType/1007</marc:subfield></marc:datafield><marc:datafield tag="338" ind1=" " ind2=" "><marc:subfield code="a">bind</marc:subfield><marc:subfield code="0">http://rdaregistry.info/termList/RDACarrierType/1049</marc:subfield></marc:datafield><marc:datafield tag="380" ind1=" " ind2=" "><marc:subfield code="a">Språkbasert verk</marc:subfield><marc:subfield code="1">https://schema.nb.no/Bibliographic/Values/V1000</marc:subfield></marc:datafield><marc:datafield tag="655" ind1=" " ind2="7"><marc:subfield code="a">Science fiction</marc:subfield><marc:subfield code="2">noubonm</marc:subfield></marc:datafield><marc:datafield tag="700" ind1="1" ind2=" "><marc:subfield code="a">Ballard, J.G.</marc:subfield><marc:subfield code="d">1930-2009</marc:subfield><marc:subfield code="4">aut</marc:subfield><marc:subfield code="0">(NO-TrBIB)90199005</marc:subfield></marc:datafield><marc:datafield tag="700" ind1="1" ind2=" "><marc:subfield code="a">Brownstein, Michael</marc:subfield><marc:subfield code="4">aut</marc:subfield><marc:subfield code="0">(NO-TrBIB)13006945</marc:subfield></marc:datafield><marc:datafield tag="700" ind1="1" ind2=" "><marc:subfield code="a">Dick, Philip K.</marc:subfield><marc:subfield code="d">1928-1982</marc:subfield><marc:subfield code="4">aut</marc:subfield><marc:subfield code="0">(NO-TrBIB)90067806</marc:subfield></marc:datafield><marc:datafield tag="700" ind1="1" ind2=" "><marc:subfield code="a">Disch, Thomas M.</marc:subfield><marc:subfield code="4">edt</marc:subfield><marc:subfield code="0">(NO-TrBIB)90705277</marc:subfield></marc:datafield><marc:datafield tag="700" ind1="1" ind2=" "><marc:subfield code="a">Du Maurier, Daphne</marc:subfield><marc:subfield code="d">1907-1989</marc:subfield><marc:subfield code="4">aut</marc:subfield><marc:subfield code="0">(NO-TrBIB)90070402</marc:subfield></marc:datafield><marc:datafield tag="700" ind1="1" ind2=" "><marc:subfield code="a">Effinger, Geo. Alec</marc:subfield><marc:subfield code="4">aut</marc:subfield><marc:subfield code="0">(NO-TrBIB)13006944</marc:subfield></marc:datafield><marc:datafield tag="700" ind1="1" ind2=" "><marc:subfield code="a">Elmslie, Kenward</marc:subfield><marc:subfield code="4">aut</marc:subfield><marc:subfield code="0">(NO-TrBIB)1028534</marc:subfield></marc:datafield><marc:datafield tag="700" ind1="1" ind2=" "><marc:subfield code="a">Harrison, Harry</marc:subfield><marc:subfield code="d">1925-2012</marc:subfield><marc:subfield code="4">aut</marc:subfield><marc:subfield code="0">(NO-TrBIB)90125333</marc:subfield></marc:datafield><marc:datafield tag="700" ind1="1" ind2=" "><marc:subfield code="a">Houston, James D.</marc:subfield><marc:subfield code="4">aut</marc:subfield><marc:subfield code="0">(NO-TrBIB)90635408</marc:subfield></marc:datafield><marc:datafield tag="700" ind1="1" ind2=" "><marc:subfield code="a">Jonas, Gerald</marc:subfield><marc:subfield code="4">aut</marc:subfield><marc:subfield code="0">(NO-TrBIB)7079141</marc:subfield></marc:datafield><marc:datafield tag="700" ind1="1" ind2=" "><marc:subfield code="a">Kagan, Norman</marc:subfield><marc:subfield code="4">aut</marc:subfield><marc:subfield code="0">(NO-TrBIB)90161779</marc:subfield></marc:datafield><marc:datafield tag="700" ind1="1" ind2=" "><marc:subfield code="a">Lafferty, R. A.</marc:subfield><marc:subfield code="4">aut</marc:subfield><marc:subfield code="0">(NO-TrBIB)99006126</marc:subfield></marc:datafield><marc:datafield tag="700" ind1="1" ind2=" "><marc:subfield code="a">Leiber, Fritz</marc:subfield><marc:subfield code="d">1910-1992</marc:subfield><marc:subfield code="0">(NO-TrBIB)90705550</marc:subfield></marc:datafield><marc:datafield tag="700" ind1="1" ind2=" "><marc:subfield code="a">Mundis, Jerrod J.</marc:subfield><marc:subfield code="4">aut</marc:subfield><marc:subfield code="0">(NO-TrBIB)13006943</marc:subfield></marc:datafield><marc:datafield tag="700" ind1="1" ind2=" "><marc:subfield code="a">Rush, Norman</marc:subfield><marc:subfield code="4">aut</marc:subfield><marc:subfield code="0">(NO-TrBIB)90721345</marc:subfield></marc:datafield><marc:datafield tag="700" ind1="1" ind2=" "><marc:subfield code="a">Vonnegut, Kurt jr.</marc:subfield><marc:subfield code="4">aut</marc:subfield><marc:subfield code="0">(NO-TrBIB)10062183</marc:subfield></marc:datafield><marc:datafield tag="700" ind1="1" ind2=" "><marc:subfield code="a">Wolfe, Gene</marc:subfield><marc:subfield code="4">aut</marc:subfield><marc:subfield code="0">(NO-TrBIB)97049116</marc:subfield></marc:datafield></marc:record>