
<marc:record><marc:leader>01160cam a22002537c 4500</marc:leader>
<marc:controlfield tag="001">991343702604702201</marc:controlfield>
<marc:controlfield tag="003">BIBSYS</marc:controlfield><marc:controlfield tag="005">20210602232915.0</marc:controlfield><marc:controlfield tag="007">ta</marc:controlfield><marc:controlfield tag="008">131215s2001    xx#|||||||||||000|u|eng|d</marc:controlfield><marc:datafield tag="020" ind1=" " ind2=" "><marc:subfield code="a">1854373552</marc:subfield></marc:datafield><marc:datafield tag="040" ind1=" " ind2=" "><marc:subfield code="a">NO-TrBIB</marc:subfield><marc:subfield code="b">nob</marc:subfield><marc:subfield code="e">katreg</marc:subfield></marc:datafield><marc:datafield tag="245" ind1="0" ind2="0"><marc:subfield code="a">Tacita Dean</marc:subfield><marc:subfield code="c">[introduction by Clarrie Wallis ; contributions by J.G. Ballard ... [et al.] ; Tate Gallery]</marc:subfield></marc:datafield><marc:datafield tag="260" ind1=" " ind2=" "><marc:subfield code="a">London</marc:subfield><marc:subfield code="b">Tate Gallery Publishing</marc:subfield><marc:subfield code="c">2001</marc:subfield></marc:datafield><marc:datafield tag="300" ind1=" " ind2=" "><marc:subfield code="a">79 s.</marc:subfield><marc:subfield code="b">ill. (hovedsak. kol.), port.</marc:subfield><marc:subfield code="c">26 cm</marc:subfield></marc:datafield><marc:datafield tag="500" ind1=" " ind2=" "><marc:subfield code="a">Utg. i forb. med utstilling</marc:subfield></marc:datafield><marc:datafield tag="600" ind1="1" ind2="4"><marc:subfield code="a">Dean, Tacita</marc:subfield><marc:subfield code="d">1965</marc:subfield></marc:datafield><marc:datafield tag="700" ind1="1" ind2=" "><marc:subfield code="a">Ballard, J.G.</marc:subfield></marc:datafield><marc:datafield tag="710" ind1="2" ind2=" "><marc:subfield code="a">Tate Gallery</marc:subfield></marc:datafield><marc:datafield tag="856" ind1="4" ind2="2"><marc:subfield code="3">Beskrivelse fra forlaget (kort)</marc:subfield><marc:subfield code="u">http://content.bibsys.no/content/?type=descr_publ_brief&amp;isbn=1854373552</marc:subfield></marc:datafield><marc:datafield tag="856" ind1="4" ind2="2"><marc:subfield code="3">Beskrivelse fra forlaget (lang)</marc:subfield><marc:subfield code="u">http://content.bibsys.no/content/?type=descr_publ_full&amp;isbn=1854373552</marc:subfield></marc:datafield><marc:datafield tag="856" ind1="4" ind2="2"><marc:subfield code="3">Innholdsfortegnelse</marc:subfield><marc:subfield code="u">http://content.bibsys.no/content/?type=toc&amp;isbn=1854373552</marc:subfield></marc:datafield><marc:datafield tag="856" ind1="4" ind2="2"><marc:subfield code="3">Innholdsfortegnelse</marc:subfield><marc:subfield code="u">https://contents.bibs.aws.unit.no/content/?isbn=9781854373557</marc:subfield></marc:datafield><marc:datafield tag="856" ind1="4" ind2="2"><marc:subfield code="3">Omslagsbilde</marc:subfield><marc:subfield code="u">http://innhold.bibsys.no/bilde/forside/?size=mini&amp;id=9781854373557.jpg</marc:subfield><marc:subfield code="q">image/jpeg</marc:subfield></marc:datafield></marc:record>