
<marc:record><marc:leader>01325cam a22002777c 4500</marc:leader>
<marc:controlfield tag="001">991418440944702201</marc:controlfield>
<marc:controlfield tag="003">BIBSYS</marc:controlfield><marc:controlfield tag="005">20150206120624.0</marc:controlfield><marc:controlfield tag="007">ta</marc:controlfield><marc:controlfield tag="008">150206s1978    xx#|||||||||||000|f|eng|d</marc:controlfield><marc:datafield tag="020" ind1=" " ind2=" "><marc:subfield code="a">0586045031</marc:subfield><marc:subfield code="q">h.</marc:subfield></marc:datafield><marc:datafield tag="040" ind1=" " ind2=" "><marc:subfield code="a">NO-TrBIB</marc:subfield><marc:subfield code="b">nob</marc:subfield><marc:subfield code="e">katreg</marc:subfield></marc:datafield><marc:datafield tag="100" ind1="1" ind2=" "><marc:subfield code="a">Ballard, J.G.</marc:subfield><marc:subfield code="d">1930-2009</marc:subfield><marc:subfield code="0">(NO-TrBIB)90199005</marc:subfield><marc:subfield code="1">http://viaf.org/viaf/9842556</marc:subfield><marc:subfield code="4">http://rdaregistry.info/Elements/w/object/P10061</marc:subfield></marc:datafield><marc:datafield tag="240" ind1="1" ind2="0"><marc:subfield code="a">Low-flying aircraft, and other stories</marc:subfield><marc:subfield code="1">http://www.wikidata.org/entity/Q6692707</marc:subfield></marc:datafield><marc:datafield tag="245" ind1="1" ind2="0"><marc:subfield code="a">Low-flying aircraft</marc:subfield><marc:subfield code="c">J.G. Ballard</marc:subfield></marc:datafield><marc:datafield tag="260" ind1=" " ind2=" "><marc:subfield code="a">St Albans</marc:subfield><marc:subfield code="b">Triad</marc:subfield><marc:subfield code="c">1978</marc:subfield></marc:datafield><marc:datafield tag="300" ind1=" " ind2=" "><marc:subfield code="a">190 s.</marc:subfield></marc:datafield><marc:datafield tag="336" ind1=" " ind2=" "><marc:subfield code="a">tekst</marc:subfield><marc:subfield code="0">http://rdaregistry.info/termList/RDAContentType/1020</marc:subfield></marc:datafield><marc:datafield tag="337" ind1=" " ind2=" "><marc:subfield code="a">uformidlet</marc:subfield><marc:subfield code="0">http://rdaregistry.info/termList/RDAMediaType/1007</marc:subfield></marc:datafield><marc:datafield tag="338" ind1=" " ind2=" "><marc:subfield code="a">bind</marc:subfield><marc:subfield code="0">http://rdaregistry.info/termList/RDACarrierType/1049</marc:subfield></marc:datafield><marc:datafield tag="380" ind1=" " ind2=" "><marc:subfield code="a">Språkbasert verk</marc:subfield><marc:subfield code="1">https://schema.nb.no/Bibliographic/Values/V1000</marc:subfield></marc:datafield><marc:datafield tag="653" ind1=" " ind2=" "><marc:subfield code="a">fantasy</marc:subfield><marc:subfield code="a">science</marc:subfield><marc:subfield code="a">fiction</marc:subfield></marc:datafield><marc:datafield tag="655" ind1=" " ind2="7"><marc:subfield code="a">science fiction</marc:subfield><marc:subfield code="2">noubonm</marc:subfield></marc:datafield><marc:datafield tag="856" ind1="4" ind2="2"><marc:subfield code="3">Miniatyrbilde</marc:subfield><marc:subfield code="u">https://contents.bibsys.no/content/images/small/9/3/9780586045039.jpg</marc:subfield><marc:subfield code="q">image/jpeg</marc:subfield></marc:datafield><marc:datafield tag="856" ind1="4" ind2="2"><marc:subfield code="3">Omslagsbilde</marc:subfield><marc:subfield code="u">http://innhold.bibsys.no/bilde/forside/?size=mini&amp;id=9780586045039.jpg</marc:subfield><marc:subfield code="q">image/jpeg</marc:subfield></marc:datafield><marc:datafield tag="856" ind1="4" ind2="2"><marc:subfield code="3">Omslagsbilde</marc:subfield><marc:subfield code="u">https://contents.bibsys.no/content/images/large/9/3/9780586045039.jpg</marc:subfield><marc:subfield code="q">image/jpeg</marc:subfield></marc:datafield></marc:record>