
<marc:record><marc:leader>02340cam a22005057c 4500</marc:leader>
<marc:controlfield tag="001">991514454514702201</marc:controlfield>
<marc:controlfield tag="003">BIBSYS</marc:controlfield><marc:controlfield tag="005">20180202103420.0</marc:controlfield><marc:controlfield tag="007">ta</marc:controlfield><marc:controlfield tag="008">150803s1968    xx#|||||||||||000|||eng|d</marc:controlfield><marc:datafield tag="040" ind1=" " ind2=" "><marc:subfield code="a">NO-TrBIB</marc:subfield><marc:subfield code="b">nob</marc:subfield><marc:subfield code="e">katreg</marc:subfield></marc:datafield><marc:datafield tag="100" ind1="1" ind2=" "><marc:subfield code="a">Langelaan, George.</marc:subfield><marc:subfield code="4">aut</marc:subfield><marc:subfield code="0">(NO-TrBIB)13013329</marc:subfield></marc:datafield><marc:datafield tag="245" ind1="1" ind2="4"><marc:subfield code="a">The playboy book of science fiction and fantasy</marc:subfield><marc:subfield code="c">Selected by the editors of Playboy</marc:subfield></marc:datafield><marc:datafield tag="260" ind1=" " ind2=" "><marc:subfield code="a">Chicago</marc:subfield><marc:subfield code="b">Palyboy Press</marc:subfield><marc:subfield code="c">1968</marc:subfield></marc:datafield><marc:datafield tag="300" ind1=" " ind2=" "><marc:subfield code="a">403 s.</marc:subfield></marc:datafield><marc:datafield tag="336" ind1=" " ind2=" "><marc:subfield code="a">tekst</marc:subfield><marc:subfield code="0">http://rdaregistry.info/termList/RDAContentType/1020</marc:subfield></marc:datafield><marc:datafield tag="337" ind1=" " ind2=" "><marc:subfield code="a">uformidlet</marc:subfield><marc:subfield code="0">http://rdaregistry.info/termList/RDAMediaType/1007</marc:subfield></marc:datafield><marc:datafield tag="338" ind1=" " ind2=" "><marc:subfield code="a">bind</marc:subfield><marc:subfield code="0">http://rdaregistry.info/termList/RDACarrierType/1049</marc:subfield></marc:datafield><marc:datafield tag="380" ind1=" " ind2=" "><marc:subfield code="a">Språkbasert verk</marc:subfield><marc:subfield code="1">https://schema.nb.no/Bibliographic/Values/V1000</marc:subfield></marc:datafield><marc:datafield tag="700" ind1="1" ind2=" "><marc:subfield code="a">Atherton, John.</marc:subfield><marc:subfield code="4">aut</marc:subfield><marc:subfield code="0">(NO-TrBIB)4027708</marc:subfield></marc:datafield><marc:datafield tag="700" ind1="1" ind2=" "><marc:subfield code="a">Ballard, J.G.</marc:subfield><marc:subfield code="d">1930-2009</marc:subfield><marc:subfield code="4">aut</marc:subfield><marc:subfield code="0">(NO-TrBIB)90199005</marc:subfield></marc:datafield><marc:datafield tag="700" ind1="1" ind2=" "><marc:subfield code="a">Beaumont, Charles.</marc:subfield><marc:subfield code="4">aut</marc:subfield><marc:subfield code="0">(NO-TrBIB)13012026</marc:subfield></marc:datafield><marc:datafield tag="700" ind1="1" ind2=" "><marc:subfield code="a">Bloch, Robert</marc:subfield><marc:subfield code="d">1917-1994</marc:subfield><marc:subfield code="4">aut</marc:subfield><marc:subfield code="0">(NO-TrBIB)90086845</marc:subfield></marc:datafield><marc:datafield tag="700" ind1="1" ind2=" "><marc:subfield code="a">Bradbury, Ray</marc:subfield><marc:subfield code="d">1920-2012</marc:subfield><marc:subfield code="4">aut</marc:subfield><marc:subfield code="0">(NO-TrBIB)90083059</marc:subfield></marc:datafield><marc:datafield tag="700" ind1="1" ind2=" "><marc:subfield code="a">Brown, Fredric.</marc:subfield><marc:subfield code="4">aut</marc:subfield><marc:subfield code="0">(NO-TrBIB)98051350</marc:subfield></marc:datafield><marc:datafield tag="700" ind1="1" ind2=" "><marc:subfield code="a">Clarke, Arthur C.</marc:subfield><marc:subfield code="d">1917-2008</marc:subfield><marc:subfield code="q">(Arthur Charles)</marc:subfield><marc:subfield code="4">aut</marc:subfield><marc:subfield code="0">(NO-TrBIB)90725602</marc:subfield></marc:datafield><marc:datafield tag="700" ind1="1" ind2=" "><marc:subfield code="a">Davidson, Avram.</marc:subfield><marc:subfield code="4">aut</marc:subfield><marc:subfield code="0">(NO-TrBIB)13000919</marc:subfield></marc:datafield><marc:datafield tag="700" ind1="1" ind2=" "><marc:subfield code="a">Finney, Jack.</marc:subfield><marc:subfield code="4">aut</marc:subfield><marc:subfield code="0">(NO-TrBIB)90850934</marc:subfield></marc:datafield><marc:datafield tag="700" ind1="1" ind2=" "><marc:subfield code="a">Friedman, Bruce Jay.</marc:subfield><marc:subfield code="4">aut</marc:subfield><marc:subfield code="0">(NO-TrBIB)90240953</marc:subfield></marc:datafield><marc:datafield tag="700" ind1="1" ind2=" "><marc:subfield code="a">Grove, Walt.</marc:subfield><marc:subfield code="4">aut</marc:subfield><marc:subfield code="0">(NO-TrBIB)3070666</marc:subfield></marc:datafield><marc:datafield tag="700" ind1="1" ind2=" "><marc:subfield code="a">Neal, H.C..</marc:subfield><marc:subfield code="4">aut</marc:subfield><marc:subfield code="0">(NO-TrBIB)15032302</marc:subfield></marc:datafield><marc:datafield tag="700" ind1="1" ind2=" "><marc:subfield code="a">Nissenson, Huge.</marc:subfield><marc:subfield code="4">aut</marc:subfield><marc:subfield code="0">(NO-TrBIB)15032301</marc:subfield></marc:datafield><marc:datafield tag="700" ind1="1" ind2=" "><marc:subfield code="a">Nourse, Alan E..</marc:subfield><marc:subfield code="4">aut</marc:subfield><marc:subfield code="0">(NO-TrBIB)99003479</marc:subfield></marc:datafield><marc:datafield tag="700" ind1="1" ind2=" "><marc:subfield code="a">Pohl, Frederik</marc:subfield><marc:subfield code="d">1919-2013</marc:subfield><marc:subfield code="4">aut</marc:subfield><marc:subfield code="0">(NO-TrBIB)90058471</marc:subfield></marc:datafield><marc:datafield tag="700" ind1="1" ind2=" "><marc:subfield code="a">Pohl, Frederik,</marc:subfield><marc:subfield code="d">1919-2013</marc:subfield><marc:subfield code="4">aut</marc:subfield><marc:subfield code="0">(NO-TrBIB)90058471</marc:subfield></marc:datafield><marc:datafield tag="700" ind1="1" ind2=" "><marc:subfield code="a">Purdy, Ken W..</marc:subfield><marc:subfield code="4">aut</marc:subfield><marc:subfield code="0">(NO-TrBIB)4097734</marc:subfield></marc:datafield><marc:datafield tag="700" ind1="1" ind2=" "><marc:subfield code="a">Russell, Ray.</marc:subfield><marc:subfield code="4">aut</marc:subfield><marc:subfield code="0">(NO-TrBIB)7066954</marc:subfield></marc:datafield><marc:datafield tag="700" ind1="1" ind2=" "><marc:subfield code="a">Sheckley, Robert.</marc:subfield><marc:subfield code="4">aut</marc:subfield><marc:subfield code="0">(NO-TrBIB)90222749</marc:subfield></marc:datafield><marc:datafield tag="700" ind1="1" ind2=" "><marc:subfield code="a">Slesar, Henry</marc:subfield><marc:subfield code="d">1927-2002</marc:subfield><marc:subfield code="4">aut</marc:subfield><marc:subfield code="0">(NO-TrBIB)6045971</marc:subfield></marc:datafield><marc:datafield tag="700" ind1="1" ind2=" "><marc:subfield code="a">Sturgeon, Theodore</marc:subfield><marc:subfield code="d">1918-1985</marc:subfield><marc:subfield code="4">aut</marc:subfield><marc:subfield code="0">(NO-TrBIB)90967876</marc:subfield></marc:datafield><marc:datafield tag="700" ind1="1" ind2=" "><marc:subfield code="a">Tenn, William</marc:subfield><marc:subfield code="d">1920-2010</marc:subfield><marc:subfield code="4">aut</marc:subfield><marc:subfield code="0">(NO-TrBIB)12069468</marc:subfield></marc:datafield><marc:datafield tag="700" ind1="1" ind2=" "><marc:subfield code="a">Thomas, Theodore L..</marc:subfield><marc:subfield code="4">aut</marc:subfield><marc:subfield code="0">(NO-TrBIB)90073818</marc:subfield></marc:datafield><marc:datafield tag="700" ind1="1" ind2=" "><marc:subfield code="a">Webb, Leland.</marc:subfield><marc:subfield code="4">aut</marc:subfield><marc:subfield code="0">(NO-TrBIB)15032303</marc:subfield></marc:datafield><marc:datafield tag="700" ind1="1" ind2=" "><marc:subfield code="a">Wolfe, Bernard</marc:subfield><marc:subfield code="4">aut</marc:subfield><marc:subfield code="0">(NO-TrBIB)1028321</marc:subfield></marc:datafield><marc:datafield tag="700" ind1="1" ind2=" "><marc:subfield code="a">Wolfe, Bernard</marc:subfield><marc:subfield code="4">aut</marc:subfield><marc:subfield code="0">(NO-TrBIB)1028321</marc:subfield></marc:datafield></marc:record>