
<marc:record><marc:leader>01502cam a2200373 c 4500</marc:leader>
<marc:controlfield tag="001">999007476414702201</marc:controlfield>
<marc:controlfield tag="003">BIBSYS</marc:controlfield><marc:controlfield tag="005">20211031013603.0</marc:controlfield><marc:controlfield tag="007">cr||||||||||||</marc:controlfield><marc:controlfield tag="007">ta</marc:controlfield><marc:controlfield tag="008">150206s1972    no#||||| |||||000|1|nob| </marc:controlfield><marc:datafield tag="015" ind1=" " ind2=" "><marc:subfield code="a">7200303</marc:subfield><marc:subfield code="2">nbf</marc:subfield></marc:datafield><marc:datafield tag="020" ind1=" " ind2=" "><marc:subfield code="a">8205007853</marc:subfield></marc:datafield><marc:datafield tag="040" ind1=" " ind2=" "><marc:subfield code="a">NO-OsNB</marc:subfield><marc:subfield code="b">nob</marc:subfield><marc:subfield code="e">katreg</marc:subfield></marc:datafield><marc:datafield tag="041" ind1="1" ind2=" "><marc:subfield code="h">eng</marc:subfield></marc:datafield><marc:datafield tag="044" ind1=" " ind2=" "><marc:subfield code="c">no</marc:subfield></marc:datafield><marc:datafield tag="082" ind1="7" ind2="4"><marc:subfield code="a"> 823</marc:subfield><marc:subfield code="q">NO-OsNB</marc:subfield><marc:subfield code="2">3/nor</marc:subfield></marc:datafield><marc:datafield tag="100" ind1="1" ind2=" "><marc:subfield code="a">Ballard, J.G.</marc:subfield><marc:subfield code="d">1930-2009</marc:subfield><marc:subfield code="0">(NO-TrBIB)90199005</marc:subfield><marc:subfield code="1">http://viaf.org/viaf/9842556</marc:subfield><marc:subfield code="4">http://rdaregistry.info/Elements/w/object/P10061</marc:subfield></marc:datafield><marc:datafield tag="245" ind1="1" ind2="0"><marc:subfield code="a">Luftspeil</marc:subfield><marc:subfield code="c">J.G. Ballard ; oversettelse og tillegg ved Jon Bing</marc:subfield></marc:datafield><marc:datafield tag="246" ind1="1" ind2=" "><marc:subfield code="a">Vermilion Sands</marc:subfield><marc:subfield code="i">Originaltittel</marc:subfield></marc:datafield><marc:datafield tag="260" ind1=" " ind2=" "><marc:subfield code="a">Oslo</marc:subfield><marc:subfield code="b">Gyldendal</marc:subfield><marc:subfield code="c">1972</marc:subfield></marc:datafield><marc:datafield tag="300" ind1=" " ind2=" "><marc:subfield code="a">191 s.</marc:subfield></marc:datafield><marc:datafield tag="336" ind1=" " ind2=" "><marc:subfield code="a">tekst</marc:subfield><marc:subfield code="0">http://rdaregistry.info/termList/RDAContentType/1020</marc:subfield></marc:datafield><marc:datafield tag="337" ind1=" " ind2=" "><marc:subfield code="a">uformidlet</marc:subfield><marc:subfield code="0">http://rdaregistry.info/termList/RDAMediaType/1007</marc:subfield></marc:datafield><marc:datafield tag="338" ind1=" " ind2=" "><marc:subfield code="a">bind</marc:subfield><marc:subfield code="0">http://rdaregistry.info/termList/RDACarrierType/1049</marc:subfield></marc:datafield><marc:datafield tag="380" ind1=" " ind2=" "><marc:subfield code="a">Språkbasert verk</marc:subfield><marc:subfield code="1">https://schema.nb.no/Bibliographic/Values/V1000</marc:subfield></marc:datafield><marc:datafield tag="490" ind1="1" ind2=" "><marc:subfield code="a">Lanterne science fiction</marc:subfield></marc:datafield><marc:datafield tag="490" ind1="1" ind2=" "><marc:subfield code="a">Lanterne-bøkene</marc:subfield><marc:subfield code="v">164</marc:subfield></marc:datafield><marc:datafield tag="533" ind1=" " ind2=" "><marc:subfield code="a">Elektronisk reproduksjon</marc:subfield><marc:subfield code="b">[Norge]</marc:subfield><marc:subfield code="c">Nasjonalbiblioteket Digital</marc:subfield><marc:subfield code="d">2012-07-12</marc:subfield></marc:datafield><marc:datafield tag="653" ind1=" " ind2=" "><marc:subfield code="a">skjønnlitteratur</marc:subfield><marc:subfield code="a">roman</marc:subfield><marc:subfield code="a">fantasy</marc:subfield><marc:subfield code="a">science</marc:subfield><marc:subfield code="a">fiction</marc:subfield></marc:datafield><marc:datafield tag="700" ind1="1" ind2=" "><marc:subfield code="a">Bing, Jon</marc:subfield><marc:subfield code="4">trl</marc:subfield></marc:datafield><marc:datafield tag="830" ind1=" " ind2="0"><marc:subfield code="a">Lanterne science fiction</marc:subfield></marc:datafield><marc:datafield tag="830" ind1=" " ind2="0"><marc:subfield code="a">Lanterne-bøkene</marc:subfield><marc:subfield code="v">164</marc:subfield></marc:datafield><marc:datafield tag="856" ind1="4" ind2="1"><marc:subfield code="3">Fulltekst</marc:subfield><marc:subfield code="u">https://www.nb.no/search?q=oaiid:&quot;oai:nb.bibsys.no:999007476414702202&quot;&amp;mediatype=bøker</marc:subfield><marc:subfield code="y">Nettbiblioteket</marc:subfield><marc:subfield code="z">Søke-URL</marc:subfield></marc:datafield></marc:record>