
<marc:record><marc:leader>02756cam a2200541 c 4500</marc:leader>
<marc:controlfield tag="001">999113092764702201</marc:controlfield>
<marc:controlfield tag="003">BIBSYS</marc:controlfield><marc:controlfield tag="005">20211030210406.0</marc:controlfield><marc:controlfield tag="007">cr||||||||||||</marc:controlfield><marc:controlfield tag="007">ta</marc:controlfield><marc:controlfield tag="008">150724s1991    no#||||j |||||000|1|nob|d</marc:controlfield><marc:datafield tag="015" ind1=" " ind2=" "><marc:subfield code="a">9103405</marc:subfield><marc:subfield code="2">nbf</marc:subfield></marc:datafield><marc:datafield tag="020" ind1=" " ind2=" "><marc:subfield code="a">8205204829</marc:subfield><marc:subfield code="q">ib.</marc:subfield><marc:subfield code="c">Nkr 178.00</marc:subfield></marc:datafield><marc:datafield tag="040" ind1=" " ind2=" "><marc:subfield code="a">NO-TrBIB</marc:subfield><marc:subfield code="b">nob</marc:subfield><marc:subfield code="e">katreg</marc:subfield></marc:datafield><marc:datafield tag="044" ind1=" " ind2=" "><marc:subfield code="c">no</marc:subfield></marc:datafield><marc:datafield tag="082" ind1="0" ind2="4"><marc:subfield code="a">813.008</marc:subfield><marc:subfield code="2">23</marc:subfield></marc:datafield><marc:datafield tag="082" ind1="7" ind2="4"><marc:subfield code="a">808.83</marc:subfield><marc:subfield code="q">NO-OsNB</marc:subfield><marc:subfield code="2">4/nor</marc:subfield></marc:datafield><marc:datafield tag="084" ind1=" " ind2=" "><marc:subfield code="a">S 12b</marc:subfield><marc:subfield code="2">oosk</marc:subfield></marc:datafield><marc:datafield tag="245" ind1="0" ind2="0"><marc:subfield code="a">Minner om fremtiden :</marc:subfield><marc:subfield code="b">fabelprosa 2</marc:subfield><marc:subfield code="c">Bing &amp; Bringsværd (red.)</marc:subfield></marc:datafield><marc:datafield tag="260" ind1=" " ind2=" "><marc:subfield code="a">Oslo</marc:subfield><marc:subfield code="b">Gyldendal</marc:subfield><marc:subfield code="c">1991</marc:subfield></marc:datafield><marc:datafield tag="300" ind1=" " ind2=" "><marc:subfield code="a">182 s.</marc:subfield><marc:subfield code="c">22 cm</marc:subfield></marc:datafield><marc:datafield tag="336" ind1=" " ind2=" "><marc:subfield code="a">tekst</marc:subfield><marc:subfield code="0">http://rdaregistry.info/termList/RDAContentType/1020</marc:subfield></marc:datafield><marc:datafield tag="337" ind1=" " ind2=" "><marc:subfield code="a">uformidlet</marc:subfield><marc:subfield code="0">http://rdaregistry.info/termList/RDAMediaType/1007</marc:subfield></marc:datafield><marc:datafield tag="338" ind1=" " ind2=" "><marc:subfield code="a">bind</marc:subfield><marc:subfield code="0">http://rdaregistry.info/termList/RDACarrierType/1049</marc:subfield></marc:datafield><marc:datafield tag="380" ind1=" " ind2=" "><marc:subfield code="a">Språkbasert verk</marc:subfield><marc:subfield code="1">https://schema.nb.no/Bibliographic/Values/V1000</marc:subfield></marc:datafield><marc:datafield tag="533" ind1=" " ind2=" "><marc:subfield code="a">Elektronisk reproduksjon</marc:subfield><marc:subfield code="b">[Norge]</marc:subfield><marc:subfield code="c">Nasjonalbiblioteket Digital</marc:subfield><marc:subfield code="d">2010-03-20</marc:subfield></marc:datafield><marc:datafield tag="650" ind1=" " ind2="7"><marc:subfield code="a">Engelsk litteratur</marc:subfield><marc:subfield code="2">humord</marc:subfield><marc:subfield code="0">(NO-TrBIB)HUME06885</marc:subfield></marc:datafield><marc:datafield tag="650" ind1=" " ind2="7"><marc:subfield code="a">Noveller</marc:subfield><marc:subfield code="2">humord</marc:subfield><marc:subfield code="0">(NO-TrBIB)HUME06723</marc:subfield></marc:datafield><marc:datafield tag="650" ind1=" " ind2="7"><marc:subfield code="a">Science fiction</marc:subfield><marc:subfield code="2">humord</marc:subfield><marc:subfield code="0">(NO-TrBIB)HUME07060</marc:subfield></marc:datafield><marc:datafield tag="651" ind1=" " ind2="7"><marc:subfield code="a">USA</marc:subfield><marc:subfield code="2">humord</marc:subfield><marc:subfield code="0">(NO-TrBIB)HUME01695</marc:subfield></marc:datafield><marc:datafield tag="653" ind1=" " ind2=" "><marc:subfield code="a">science</marc:subfield><marc:subfield code="a">fiction</marc:subfield><marc:subfield code="a">fortellinger</marc:subfield><marc:subfield code="a">prosa</marc:subfield><marc:subfield code="a">1990-tallet</marc:subfield><marc:subfield code="a">fantasy</marc:subfield></marc:datafield><marc:datafield tag="700" ind1="1" ind2=" "><marc:subfield code="a">Haraldsen, Egil</marc:subfield><marc:subfield code="d">1945-</marc:subfield><marc:subfield code="0">(NO-TrBIB)11024750</marc:subfield><marc:subfield code="4">bjd</marc:subfield></marc:datafield><marc:datafield tag="700" ind1="1" ind2="2"><marc:subfield code="a">Asimov, Isaac</marc:subfield><marc:subfield code="d">1920-1992</marc:subfield><marc:subfield code="t">Fornuft</marc:subfield><marc:subfield code="0">(NO-TrBIB)90104376</marc:subfield></marc:datafield><marc:datafield tag="700" ind1="1" ind2="2"><marc:subfield code="a">Ballard, J.G.</marc:subfield><marc:subfield code="d">1930-2009</marc:subfield><marc:subfield code="t">Stellavistas tusen drømmer</marc:subfield><marc:subfield code="0">(NO-TrBIB)90199005</marc:subfield></marc:datafield><marc:datafield tag="700" ind1="1" ind2="2"><marc:subfield code="a">Bester, Alfred</marc:subfield><marc:subfield code="d">1913-1987</marc:subfield><marc:subfield code="t">Herlige Celsius</marc:subfield><marc:subfield code="0">(NO-TrBIB)90083185</marc:subfield></marc:datafield><marc:datafield tag="700" ind1="1" ind2="2"><marc:subfield code="a">Bing, Jon</marc:subfield><marc:subfield code="d">1944-2014</marc:subfield><marc:subfield code="t">Kart over fantastisk litteratur</marc:subfield><marc:subfield code="e">red.</marc:subfield><marc:subfield code="0">(NO-TrBIB)90065026</marc:subfield><marc:subfield code="4">edt</marc:subfield></marc:datafield><marc:datafield tag="700" ind1="1" ind2="2"><marc:subfield code="a">Bradbury, Ray</marc:subfield><marc:subfield code="d">1920-2012</marc:subfield><marc:subfield code="t">Den korte sommeren</marc:subfield><marc:subfield code="0">(NO-TrBIB)90083059</marc:subfield></marc:datafield><marc:datafield tag="700" ind1="1" ind2="2"><marc:subfield code="a">Bringsværd, Tor Åge</marc:subfield><marc:subfield code="d">1939-</marc:subfield><marc:subfield code="t">Kart over fantastisk litteratur</marc:subfield><marc:subfield code="e">red.</marc:subfield><marc:subfield code="0">(NO-TrBIB)90058926</marc:subfield><marc:subfield code="4">edt</marc:subfield></marc:datafield><marc:datafield tag="700" ind1="1" ind2="2"><marc:subfield code="a">Brown, Fredric</marc:subfield><marc:subfield code="t">En slutt</marc:subfield><marc:subfield code="0">(NO-TrBIB)98051350</marc:subfield></marc:datafield><marc:datafield tag="700" ind1="1" ind2="2"><marc:subfield code="a">Ellison, Harlan</marc:subfield><marc:subfield code="d">1934-</marc:subfield><marc:subfield code="t">Jeg vil skrike, men har ingen munn</marc:subfield><marc:subfield code="0">(NO-TrBIB)5015711</marc:subfield></marc:datafield><marc:datafield tag="700" ind1="1" ind2="2"><marc:subfield code="a">Glaser, Alice</marc:subfield><marc:subfield code="t">Det er en tunnel i din fremtid</marc:subfield><marc:subfield code="0">(NO-TrBIB)10053174</marc:subfield></marc:datafield><marc:datafield tag="700" ind1="1" ind2="2"><marc:subfield code="a">Matheson, Richard</marc:subfield><marc:subfield code="d">1926-2013</marc:subfield><marc:subfield code="t">Lazarus 2</marc:subfield><marc:subfield code="0">(NO-TrBIB)90081040</marc:subfield></marc:datafield><marc:datafield tag="700" ind1="1" ind2="2"><marc:subfield code="a">McCaffrey, Anne</marc:subfield><marc:subfield code="d">1926-2011</marc:subfield><marc:subfield code="t">Skipet som sang</marc:subfield><marc:subfield code="0">(NO-TrBIB)90152837</marc:subfield></marc:datafield><marc:datafield tag="700" ind1="1" ind2="2"><marc:subfield code="a">Sheckley, Robert</marc:subfield><marc:subfield code="t">Bellwether ordner alt!</marc:subfield><marc:subfield code="0">(NO-TrBIB)90222749</marc:subfield></marc:datafield><marc:datafield tag="700" ind1="1" ind2="2"><marc:subfield code="a">Vonnegut, Kurt jr.</marc:subfield><marc:subfield code="t">Tralfamadore</marc:subfield><marc:subfield code="0">(NO-TrBIB)10062183</marc:subfield></marc:datafield><marc:datafield tag="700" ind1="1" ind2="2"><marc:subfield code="a">Wellman, Manly Wade</marc:subfield><marc:subfield code="t">Stjernene der nede</marc:subfield><marc:subfield code="0">(NO-TrBIB)10062328</marc:subfield></marc:datafield><marc:datafield tag="856" ind1="4" ind2="1"><marc:subfield code="3">Fulltekst</marc:subfield><marc:subfield code="u">https://www.nb.no/search?q=oaiid:&quot;oai:nb.bibsys.no:999113092764702202&quot;&amp;mediatype=bøker</marc:subfield><marc:subfield code="y">Nettbiblioteket</marc:subfield><marc:subfield code="z">Søke-URL</marc:subfield></marc:datafield><marc:datafield tag="856" ind1="4" ind2="2"><marc:subfield code="3">Beskrivelse fra Forlagssentralen</marc:subfield><marc:subfield code="u">http://content.bibsys.no/content/?type=descr_forlagssentr&amp;isbn=8205204829</marc:subfield></marc:datafield></marc:record>