
<marc:record><marc:leader>02714cam a2200541 c 4500</marc:leader>
<marc:controlfield tag="001">999219328124702201</marc:controlfield>
<marc:controlfield tag="003">BIBSYS</marc:controlfield><marc:controlfield tag="005">20211031101116.0</marc:controlfield><marc:controlfield tag="007">cr||||||||||||</marc:controlfield><marc:controlfield tag="007">ta</marc:controlfield><marc:controlfield tag="008">150611s1992    no#||||j |||||000|1|nob| </marc:controlfield><marc:datafield tag="015" ind1=" " ind2=" "><marc:subfield code="a">9202080</marc:subfield><marc:subfield code="2">nbf</marc:subfield></marc:datafield><marc:datafield tag="020" ind1=" " ind2=" "><marc:subfield code="a">8205209332</marc:subfield><marc:subfield code="q">ib.</marc:subfield><marc:subfield code="c">Nkr 198.00</marc:subfield></marc:datafield><marc:datafield tag="040" ind1=" " ind2=" "><marc:subfield code="a">NO-OsNB</marc:subfield><marc:subfield code="b">nob</marc:subfield><marc:subfield code="e">katreg</marc:subfield></marc:datafield><marc:datafield tag="044" ind1=" " ind2=" "><marc:subfield code="c">no</marc:subfield></marc:datafield><marc:datafield tag="080" ind1=" " ind2=" "><marc:subfield code="a">82(08)-3</marc:subfield></marc:datafield><marc:datafield tag="082" ind1="0" ind2="4"><marc:subfield code="a">808.83</marc:subfield><marc:subfield code="2">23</marc:subfield></marc:datafield><marc:datafield tag="082" ind1="7" ind2="4"><marc:subfield code="a">808.83</marc:subfield><marc:subfield code="q">NO-OsNB</marc:subfield><marc:subfield code="2">4/nor</marc:subfield></marc:datafield><marc:datafield tag="084" ind1=" " ind2=" "><marc:subfield code="a">S 1b</marc:subfield><marc:subfield code="2">oosk</marc:subfield></marc:datafield><marc:datafield tag="245" ind1="0" ind2="0"><marc:subfield code="a">Drager og datamaskiner :</marc:subfield><marc:subfield code="b">fabelprosa IV</marc:subfield><marc:subfield code="c">Bing &amp; Bringsværd (red.)</marc:subfield></marc:datafield><marc:datafield tag="260" ind1=" " ind2=" "><marc:subfield code="a">Oslo</marc:subfield><marc:subfield code="b">Gyldendal</marc:subfield><marc:subfield code="c">1992</marc:subfield></marc:datafield><marc:datafield tag="300" ind1=" " ind2=" "><marc:subfield code="a">195 s.</marc:subfield><marc:subfield code="c">22 cm</marc:subfield></marc:datafield><marc:datafield tag="336" ind1=" " ind2=" "><marc:subfield code="a">tekst</marc:subfield><marc:subfield code="0">http://rdaregistry.info/termList/RDAContentType/1020</marc:subfield></marc:datafield><marc:datafield tag="337" ind1=" " ind2=" "><marc:subfield code="a">uformidlet</marc:subfield><marc:subfield code="0">http://rdaregistry.info/termList/RDAMediaType/1007</marc:subfield></marc:datafield><marc:datafield tag="338" ind1=" " ind2=" "><marc:subfield code="a">bind</marc:subfield><marc:subfield code="0">http://rdaregistry.info/termList/RDACarrierType/1049</marc:subfield></marc:datafield><marc:datafield tag="380" ind1=" " ind2=" "><marc:subfield code="a">Språkbasert verk</marc:subfield><marc:subfield code="1">https://schema.nb.no/Bibliographic/Values/V1000</marc:subfield></marc:datafield><marc:datafield tag="533" ind1=" " ind2=" "><marc:subfield code="a">Elektronisk reproduksjon</marc:subfield><marc:subfield code="b">[Norge]</marc:subfield><marc:subfield code="c">Nasjonalbiblioteket Digital</marc:subfield><marc:subfield code="d">2009-05-17</marc:subfield></marc:datafield><marc:datafield tag="653" ind1=" " ind2=" "><marc:subfield code="a">science</marc:subfield><marc:subfield code="a">fiction</marc:subfield><marc:subfield code="a">fortellinger</marc:subfield><marc:subfield code="a">1990-tallet</marc:subfield><marc:subfield code="a">fantasy</marc:subfield></marc:datafield><marc:datafield tag="700" ind1="1" ind2=" "><marc:subfield code="a">Bing, Jon</marc:subfield><marc:subfield code="d">1944-2014</marc:subfield><marc:subfield code="e">red.</marc:subfield><marc:subfield code="0">(NO-TrBIB)90065026</marc:subfield><marc:subfield code="4">edt</marc:subfield></marc:datafield><marc:datafield tag="700" ind1="1" ind2=" "><marc:subfield code="a">Bringsværd, Tor Åge</marc:subfield><marc:subfield code="d">1939-</marc:subfield><marc:subfield code="e">red.</marc:subfield><marc:subfield code="0">(NO-TrBIB)90058926</marc:subfield><marc:subfield code="4">edt</marc:subfield></marc:datafield><marc:datafield tag="700" ind1="1" ind2="2"><marc:subfield code="a">Aldiss, Brian W.</marc:subfield><marc:subfield code="d">1925-</marc:subfield><marc:subfield code="t">Hvem kan erstatte et menneske?</marc:subfield><marc:subfield code="0">(NO-TrBIB)90056060</marc:subfield></marc:datafield><marc:datafield tag="700" ind1="1" ind2="2"><marc:subfield code="a">Ballard, J.G.</marc:subfield><marc:subfield code="d">1930-2009</marc:subfield><marc:subfield code="t">Kutt 12</marc:subfield><marc:subfield code="0">(NO-TrBIB)90199005</marc:subfield></marc:datafield><marc:datafield tag="700" ind1="1" ind2="2"><marc:subfield code="a">Bixby, Jerome</marc:subfield><marc:subfield code="t">Det er et fint liv</marc:subfield><marc:subfield code="0">(NO-TrBIB)10050830</marc:subfield></marc:datafield><marc:datafield tag="700" ind1="1" ind2="2"><marc:subfield code="a">Bradbury, Ray</marc:subfield><marc:subfield code="d">1920-2012</marc:subfield><marc:subfield code="t">Dragen</marc:subfield><marc:subfield code="0">(NO-TrBIB)90083059</marc:subfield></marc:datafield><marc:datafield tag="700" ind1="1" ind2="2"><marc:subfield code="a">Bradbury, Ray</marc:subfield><marc:subfield code="d">1920-2012</marc:subfield><marc:subfield code="t">Savanne</marc:subfield><marc:subfield code="0">(NO-TrBIB)90083059</marc:subfield></marc:datafield><marc:datafield tag="700" ind1="1" ind2="2"><marc:subfield code="a">Calvino, Italo</marc:subfield><marc:subfield code="d">1923-1985</marc:subfield><marc:subfield code="t">Avstanden til månen</marc:subfield><marc:subfield code="0">(NO-TrBIB)90069217</marc:subfield></marc:datafield><marc:datafield tag="700" ind1="1" ind2="2"><marc:subfield code="a">Clarke, Arthur C.</marc:subfield><marc:subfield code="d">1917-2008</marc:subfield><marc:subfield code="q">(Arthur Charles)</marc:subfield><marc:subfield code="t">Et problem for historikere</marc:subfield><marc:subfield code="0">(NO-TrBIB)90725602</marc:subfield></marc:datafield><marc:datafield tag="700" ind1="1" ind2="2"><marc:subfield code="a">Clarke, Arthur C.</marc:subfield><marc:subfield code="d">1917-2008</marc:subfield><marc:subfield code="q">(Arthur Charles)</marc:subfield><marc:subfield code="t">Stjernen</marc:subfield><marc:subfield code="0">(NO-TrBIB)90725602</marc:subfield></marc:datafield><marc:datafield tag="700" ind1="1" ind2="2"><marc:subfield code="a">Lem, Stanisław</marc:subfield><marc:subfield code="t">Datamaskinen som sloss mot dragen</marc:subfield><marc:subfield code="0">(NO-TrBIB)90060376</marc:subfield></marc:datafield><marc:datafield tag="700" ind1="1" ind2="2"><marc:subfield code="a">Paz, Octavio</marc:subfield><marc:subfield code="d">1914-1998</marc:subfield><marc:subfield code="t">Mitt liv med bølgen</marc:subfield><marc:subfield code="0">(NO-TrBIB)90128563</marc:subfield></marc:datafield><marc:datafield tag="700" ind1="1" ind2="2"><marc:subfield code="a">Shaw, Bob</marc:subfield><marc:subfield code="t">Lys fra andre dager</marc:subfield><marc:subfield code="0">(NO-TrBIB)9069015</marc:subfield></marc:datafield><marc:datafield tag="700" ind1="1" ind2="2"><marc:subfield code="a">Sheckley, Robert</marc:subfield><marc:subfield code="t">I skuddet</marc:subfield><marc:subfield code="0">(NO-TrBIB)90222749</marc:subfield></marc:datafield><marc:datafield tag="700" ind1="1" ind2="2"><marc:subfield code="a">Smith, Cordwainer</marc:subfield><marc:subfield code="d">1913-1966</marc:subfield><marc:subfield code="t">Et spill om rotte og drage</marc:subfield><marc:subfield code="0">(NO-TrBIB)8046668</marc:subfield></marc:datafield><marc:datafield tag="700" ind1="1" ind2="2"><marc:subfield code="a">Tucker, Bob</marc:subfield><marc:subfield code="t">Turisttrafikk</marc:subfield><marc:subfield code="0">(NO-TrBIB)10061879</marc:subfield></marc:datafield><marc:datafield tag="700" ind1="1" ind2="2"><marc:subfield code="a">Vogt, A. E. van</marc:subfield><marc:subfield code="t">Forhekset landsby</marc:subfield><marc:subfield code="0">(NO-TrBIB)10062162</marc:subfield></marc:datafield><marc:datafield tag="710" ind1="2" ind2=" "><marc:subfield code="a">Exil design</marc:subfield><marc:subfield code="0">(NO-TrBIB)15025773</marc:subfield></marc:datafield><marc:datafield tag="856" ind1="4" ind2="1"><marc:subfield code="3">Fulltekst</marc:subfield><marc:subfield code="u">https://www.nb.no/search?q=oaiid:&quot;oai:nb.bibsys.no:999219328124702202&quot;&amp;mediatype=bøker</marc:subfield><marc:subfield code="y">Nettbiblioteket</marc:subfield><marc:subfield code="z">Søke-URL</marc:subfield></marc:datafield><marc:datafield tag="856" ind1="4" ind2="2"><marc:subfield code="3">Beskrivelse fra Forlagssentralen</marc:subfield><marc:subfield code="u">http://content.bibsys.no/content/?type=descr_forlagssentr&amp;isbn=8205209332</marc:subfield></marc:datafield></marc:record>