
<marc:record><marc:leader>01845nam a22004575c 4500</marc:leader>
<marc:controlfield tag="001">999920142384302201</marc:controlfield>
<marc:controlfield tag="003">BIBSYS</marc:controlfield><marc:controlfield tag="005">20180226123540.0</marc:controlfield><marc:controlfield tag="007">ta</marc:controlfield><marc:controlfield tag="008">160802s2016    xxu    | |||||00||0 eng|c</marc:controlfield><marc:datafield tag="020" ind1=" " ind2=" "><marc:subfield code="q">h.</marc:subfield></marc:datafield><marc:datafield tag="040" ind1=" " ind2=" "><marc:subfield code="a">NO-TrBIB</marc:subfield><marc:subfield code="b">nob</marc:subfield><marc:subfield code="e">katreg</marc:subfield></marc:datafield><marc:datafield tag="100" ind1="1" ind2=" "><marc:subfield code="a">Merril, Judith</marc:subfield><marc:subfield code="0">(NO-TrBIB)8036947</marc:subfield><marc:subfield code="4">edt</marc:subfield></marc:datafield><marc:datafield tag="245" ind1="1" ind2="0"><marc:subfield code="a">SF12</marc:subfield><marc:subfield code="b">New dimentions in science fiction, fantasy, and imaginative writing</marc:subfield><marc:subfield code="c">Edited by Judith Merril</marc:subfield></marc:datafield><marc:datafield tag="260" ind1=" " ind2=" "><marc:subfield code="a">New York</marc:subfield><marc:subfield code="b">Dell Publishing</marc:subfield><marc:subfield code="c">1969</marc:subfield></marc:datafield><marc:datafield tag="700" ind1="1" ind2=" "><marc:subfield code="a">Aldiss, Brian</marc:subfield><marc:subfield code="0">(NO-TrBIB)10050019</marc:subfield></marc:datafield><marc:datafield tag="700" ind1="1" ind2=" "><marc:subfield code="a">Allen, Dick</marc:subfield></marc:datafield><marc:datafield tag="700" ind1="1" ind2=" "><marc:subfield code="a">Bailey, Hilary</marc:subfield><marc:subfield code="0">(NO-TrBIB)90062716</marc:subfield></marc:datafield><marc:datafield tag="700" ind1="1" ind2=" "><marc:subfield code="a">Ballard, J.G.</marc:subfield><marc:subfield code="d">1930-2009</marc:subfield><marc:subfield code="0">(NO-TrBIB)90199005</marc:subfield></marc:datafield><marc:datafield tag="700" ind1="1" ind2=" "><marc:subfield code="a">Barthelme, Donald</marc:subfield><marc:subfield code="d">1931-1989</marc:subfield><marc:subfield code="0">(NO-TrBIB)90102337</marc:subfield></marc:datafield><marc:datafield tag="700" ind1="1" ind2=" "><marc:subfield code="a">Burroughs, William James</marc:subfield><marc:subfield code="0">(NO-TrBIB)90527228</marc:subfield><marc:subfield code="1">http://viaf.org/viaf/108916275</marc:subfield><marc:subfield code="4">aut</marc:subfield></marc:datafield><marc:datafield tag="700" ind1="1" ind2=" "><marc:subfield code="a">Calisher, Hortense</marc:subfield><marc:subfield code="0">(NO-TrBIB)90069983</marc:subfield></marc:datafield><marc:datafield tag="700" ind1="1" ind2=" "><marc:subfield code="a">Delany, Samuel R.</marc:subfield><marc:subfield code="d">1942-</marc:subfield><marc:subfield code="0">(NO-TrBIB)90697672</marc:subfield></marc:datafield><marc:datafield tag="700" ind1="1" ind2=" "><marc:subfield code="a">Disch, Thomas</marc:subfield><marc:subfield code="0">(NO-TrBIB)13013676</marc:subfield></marc:datafield><marc:datafield tag="700" ind1="1" ind2=" "><marc:subfield code="a">Dorman, Sonya</marc:subfield><marc:subfield code="0">(NO-TrBIB)13020582</marc:subfield></marc:datafield><marc:datafield tag="700" ind1="1" ind2=" "><marc:subfield code="a">Emshwiller, Carol</marc:subfield><marc:subfield code="d">1921-</marc:subfield><marc:subfield code="0">(NO-TrBIB)13020578</marc:subfield></marc:datafield><marc:datafield tag="700" ind1="1" ind2=" "><marc:subfield code="a">Grass, Günter</marc:subfield><marc:subfield code="d">1927-2015</marc:subfield><marc:subfield code="0">(NO-TrBIB)90061209</marc:subfield></marc:datafield><marc:datafield tag="700" ind1="1" ind2=" "><marc:subfield code="a">Harness, Charles L.</marc:subfield><marc:subfield code="0">(NO-TrBIB)90952721</marc:subfield></marc:datafield><marc:datafield tag="700" ind1="1" ind2=" "><marc:subfield code="a">Jacobs, Harvey</marc:subfield><marc:subfield code="0">(NO-TrBIB)13013763</marc:subfield></marc:datafield><marc:datafield tag="700" ind1="1" ind2=" "><marc:subfield code="a">Kupferberg, Tuli</marc:subfield><marc:subfield code="0">(NO-TrBIB)7053956</marc:subfield></marc:datafield><marc:datafield tag="700" ind1="1" ind2=" "><marc:subfield code="a">Lafferty, R.A.</marc:subfield></marc:datafield><marc:datafield tag="700" ind1="1" ind2=" "><marc:subfield code="a">Landolfi, Tommaso</marc:subfield><marc:subfield code="0">(NO-TrBIB)90128530</marc:subfield></marc:datafield><marc:datafield tag="700" ind1="1" ind2=" "><marc:subfield code="a">Leiber, Fritz</marc:subfield><marc:subfield code="d">1910-1992</marc:subfield><marc:subfield code="0">(NO-TrBIB)90705550</marc:subfield></marc:datafield><marc:datafield tag="700" ind1="1" ind2=" "><marc:subfield code="a">MacBeth, George</marc:subfield><marc:subfield code="0">(NO-TrBIB)90119481</marc:subfield></marc:datafield><marc:datafield tag="700" ind1="1" ind2=" "><marc:subfield code="a">MacLean, Katherine</marc:subfield><marc:subfield code="0">(NO-TrBIB)12070900</marc:subfield></marc:datafield><marc:datafield tag="700" ind1="1" ind2=" "><marc:subfield code="a">Michaux, Henri</marc:subfield><marc:subfield code="d">1899-1984</marc:subfield><marc:subfield code="0">(NO-TrBIB)90097681</marc:subfield></marc:datafield><marc:datafield tag="700" ind1="1" ind2=" "><marc:subfield code="a">Reed, Kit</marc:subfield><marc:subfield code="0">(NO-TrBIB)12047194</marc:subfield></marc:datafield><marc:datafield tag="700" ind1="1" ind2=" "><marc:subfield code="a">Shaw, Bob</marc:subfield><marc:subfield code="0">(NO-TrBIB)9069015</marc:subfield></marc:datafield><marc:datafield tag="700" ind1="1" ind2=" "><marc:subfield code="a">Tate, Peter</marc:subfield><marc:subfield code="0">(NO-TrBIB)90853436</marc:subfield></marc:datafield><marc:datafield tag="700" ind1="1" ind2=" "><marc:subfield code="a">Thomas, Gilbert</marc:subfield></marc:datafield><marc:datafield tag="700" ind1="1" ind2=" "><marc:subfield code="a">Updike, John</marc:subfield><marc:subfield code="d">1932-2009</marc:subfield><marc:subfield code="0">(NO-TrBIB)90058949</marc:subfield></marc:datafield></marc:record>