
<marc:record><marc:leader>01291nam a22003015c 4500</marc:leader>
<marc:controlfield tag="001">999920204114402201</marc:controlfield>
<marc:controlfield tag="003">BIBSYS</marc:controlfield><marc:controlfield tag="005">20180226123920.0</marc:controlfield><marc:controlfield tag="007">ta</marc:controlfield><marc:controlfield tag="008">161228s1968    xxu    | |||||00||0 eng|c</marc:controlfield><marc:datafield tag="040" ind1=" " ind2=" "><marc:subfield code="a">NO-TrBIB</marc:subfield><marc:subfield code="b">nob</marc:subfield><marc:subfield code="e">katreg</marc:subfield></marc:datafield><marc:datafield tag="100" ind1="1" ind2=" "><marc:subfield code="a">Pohl, Frederik</marc:subfield><marc:subfield code="d">1919-2013</marc:subfield><marc:subfield code="0">(NO-TrBIB)90058471</marc:subfield></marc:datafield><marc:datafield tag="245" ind1="1" ind2="0"><marc:subfield code="a">Frederik Pohl's The second if reader of science fiction</marc:subfield><marc:subfield code="c">Introduction by Frederik Pohl</marc:subfield></marc:datafield><marc:datafield tag="260" ind1=" " ind2=" "><marc:subfield code="a">New York</marc:subfield><marc:subfield code="b">Ace Books</marc:subfield><marc:subfield code="c">1968</marc:subfield></marc:datafield><marc:datafield tag="336" ind1=" " ind2=" "><marc:subfield code="a">tekst</marc:subfield><marc:subfield code="0">http://rdaregistry.info/termList/RDAContentType/1020</marc:subfield></marc:datafield><marc:datafield tag="337" ind1=" " ind2=" "><marc:subfield code="a">uformidlet</marc:subfield><marc:subfield code="0">http://rdaregistry.info/termList/RDAMediaType/1007</marc:subfield></marc:datafield><marc:datafield tag="338" ind1=" " ind2=" "><marc:subfield code="a">bind</marc:subfield><marc:subfield code="0">http://rdaregistry.info/termList/RDACarrierType/1049</marc:subfield></marc:datafield><marc:datafield tag="380" ind1=" " ind2=" "><marc:subfield code="a">Språkbasert verk</marc:subfield><marc:subfield code="1">https://schema.nb.no/Bibliographic/Values/V1000</marc:subfield></marc:datafield><marc:datafield tag="700" ind1="1" ind2=" "><marc:subfield code="a">Aldiss, Brian</marc:subfield><marc:subfield code="0">(NO-TrBIB)10050019</marc:subfield></marc:datafield><marc:datafield tag="700" ind1="1" ind2=" "><marc:subfield code="a">Asimov, Isaac</marc:subfield><marc:subfield code="d">1920-1992</marc:subfield><marc:subfield code="0">(NO-TrBIB)90104376</marc:subfield></marc:datafield><marc:datafield tag="700" ind1="1" ind2=" "><marc:subfield code="a">Ballard, J.G.</marc:subfield><marc:subfield code="d">1930-2009</marc:subfield><marc:subfield code="0">(NO-TrBIB)90199005</marc:subfield></marc:datafield><marc:datafield tag="700" ind1="1" ind2=" "><marc:subfield code="a">Budrys, Algis</marc:subfield><marc:subfield code="d">1931-</marc:subfield><marc:subfield code="0">(NO-TrBIB)12064560</marc:subfield></marc:datafield><marc:datafield tag="700" ind1="1" ind2=" "><marc:subfield code="a">Clement, Hal</marc:subfield><marc:subfield code="0">(NO-TrBIB)8046659</marc:subfield></marc:datafield><marc:datafield tag="700" ind1="1" ind2=" "><marc:subfield code="a">Kyle, David A.</marc:subfield><marc:subfield code="0">(NO-TrBIB)15015118</marc:subfield></marc:datafield><marc:datafield tag="700" ind1="1" ind2=" "><marc:subfield code="a">Laumer, Keith</marc:subfield><marc:subfield code="d">1925-1993</marc:subfield><marc:subfield code="0">(NO-TrBIB)12049256</marc:subfield></marc:datafield><marc:datafield tag="700" ind1="1" ind2=" "><marc:subfield code="a">Niven, Larry</marc:subfield><marc:subfield code="d">1938-</marc:subfield><marc:subfield code="0">(NO-TrBIB)90950466</marc:subfield></marc:datafield><marc:datafield tag="700" ind1="1" ind2=" "><marc:subfield code="a">Pohl, Frederik</marc:subfield><marc:subfield code="d">1919-2013</marc:subfield><marc:subfield code="0">(NO-TrBIB)90058471</marc:subfield></marc:datafield><marc:datafield tag="700" ind1="1" ind2=" "><marc:subfield code="a">Saberhagen, Fred</marc:subfield><marc:subfield code="0">(NO-TrBIB)12050925</marc:subfield></marc:datafield></marc:record>