
<marc:record><marc:leader>01036nam a22002775c 4500</marc:leader>
<marc:controlfield tag="001">999920843280402201</marc:controlfield>
<marc:controlfield tag="003">BIBSYS</marc:controlfield><marc:controlfield tag="005">20191215064140.0</marc:controlfield><marc:controlfield tag="007">ta</marc:controlfield><marc:controlfield tag="008">190424s1979    xxk    | |||||00||0 eng|c</marc:controlfield><marc:datafield tag="020" ind1=" " ind2=" "><marc:subfield code="a">0330258729</marc:subfield><marc:subfield code="q">h.</marc:subfield></marc:datafield><marc:datafield tag="040" ind1=" " ind2=" "><marc:subfield code="a">NO-TrBIB</marc:subfield><marc:subfield code="b">nob</marc:subfield><marc:subfield code="e">katreg</marc:subfield></marc:datafield><marc:datafield tag="245" ind1="1" ind2="0"><marc:subfield code="a">Stars of Albion /</marc:subfield><marc:subfield code="c">Edited by Robert Holdstock &amp; Christopher Priest</marc:subfield></marc:datafield><marc:datafield tag="260" ind1=" " ind2=" "><marc:subfield code="a">London</marc:subfield><marc:subfield code="b">Pan Books</marc:subfield><marc:subfield code="c">1979</marc:subfield></marc:datafield><marc:datafield tag="700" ind1="1" ind2=" "><marc:subfield code="a">Aldiss, Brian W.</marc:subfield><marc:subfield code="d">1925-</marc:subfield><marc:subfield code="0">(NO-TrBIB)90056060</marc:subfield></marc:datafield><marc:datafield tag="700" ind1="1" ind2=" "><marc:subfield code="a">Ballard, J.G.</marc:subfield><marc:subfield code="d">1930-2009</marc:subfield><marc:subfield code="0">(NO-TrBIB)90199005</marc:subfield></marc:datafield><marc:datafield tag="700" ind1="1" ind2=" "><marc:subfield code="a">Bayley, Barrington J.</marc:subfield><marc:subfield code="0">(NO-TrBIB)12069567</marc:subfield></marc:datafield><marc:datafield tag="700" ind1="1" ind2=" "><marc:subfield code="a">Brunner, John</marc:subfield><marc:subfield code="d">1934-1995</marc:subfield><marc:subfield code="0">(NO-TrBIB)90763497</marc:subfield></marc:datafield><marc:datafield tag="700" ind1="1" ind2=" "><marc:subfield code="a">Garnett, David S.</marc:subfield><marc:subfield code="0">(NO-TrBIB)13023439</marc:subfield></marc:datafield><marc:datafield tag="700" ind1="1" ind2=" "><marc:subfield code="a">Holdstock, Robert</marc:subfield><marc:subfield code="0">(NO-TrBIB)13011258</marc:subfield></marc:datafield><marc:datafield tag="700" ind1="1" ind2=" "><marc:subfield code="a">Masson, David I.</marc:subfield><marc:subfield code="0">(NO-TrBIB)2019380</marc:subfield></marc:datafield><marc:datafield tag="700" ind1="1" ind2=" "><marc:subfield code="a">Priest, Christopher</marc:subfield><marc:subfield code="d">1943-</marc:subfield><marc:subfield code="0">(NO-TrBIB)90107012</marc:subfield></marc:datafield><marc:datafield tag="700" ind1="1" ind2=" "><marc:subfield code="a">Roberts, Keith</marc:subfield><marc:subfield code="d">1935-2000</marc:subfield><marc:subfield code="0">(NO-TrBIB)6015507</marc:subfield></marc:datafield><marc:datafield tag="700" ind1="1" ind2=" "><marc:subfield code="a">Saxton, Josephine</marc:subfield><marc:subfield code="0">(NO-TrBIB)13001132</marc:subfield></marc:datafield><marc:datafield tag="700" ind1="1" ind2=" "><marc:subfield code="a">Shaw, Bob</marc:subfield><marc:subfield code="0">(NO-TrBIB)9069015</marc:subfield></marc:datafield><marc:datafield tag="700" ind1="1" ind2=" "><marc:subfield code="a">Watson, Ian</marc:subfield><marc:subfield code="0">(NO-TrBIB)12030022</marc:subfield></marc:datafield></marc:record>