
<marc:record><marc:leader>01017nam a22002535c 4500</marc:leader>
<marc:controlfield tag="001">999920902257202201</marc:controlfield>
<marc:controlfield tag="003">BIBSYS</marc:controlfield><marc:controlfield tag="005">20191215074949.0</marc:controlfield><marc:controlfield tag="007">ta</marc:controlfield><marc:controlfield tag="008">190830s1966    xxk    | |||||00||0 eng|c</marc:controlfield><marc:datafield tag="040" ind1=" " ind2=" "><marc:subfield code="a">NO-TrBIB</marc:subfield><marc:subfield code="b">nob</marc:subfield><marc:subfield code="e">katreg</marc:subfield></marc:datafield><marc:datafield tag="245" ind1="1" ind2="0"><marc:subfield code="a">Spectrum 3 :</marc:subfield><marc:subfield code="b">A third anthology of science fiction /</marc:subfield><marc:subfield code="c">Selected and edited by Kingsley Amis and Robert Conquest</marc:subfield></marc:datafield><marc:datafield tag="260" ind1=" " ind2=" "><marc:subfield code="a">London</marc:subfield><marc:subfield code="b">Pan Books</marc:subfield><marc:subfield code="c">1966</marc:subfield></marc:datafield><marc:datafield tag="490" ind1="0" ind2=" "><marc:subfield code="a">Spectrum</marc:subfield><marc:subfield code="v">3</marc:subfield></marc:datafield><marc:datafield tag="700" ind1="1" ind2=" "><marc:subfield code="a">Amis, Kingsley</marc:subfield><marc:subfield code="d">1922-1995</marc:subfield><marc:subfield code="0">(NO-TrBIB)90096252</marc:subfield></marc:datafield><marc:datafield tag="700" ind1="1" ind2=" "><marc:subfield code="a">Anderson, Poul</marc:subfield><marc:subfield code="d">1926-2001</marc:subfield><marc:subfield code="0">(NO-TrBIB)90135259</marc:subfield></marc:datafield><marc:datafield tag="700" ind1="1" ind2=" "><marc:subfield code="a">Ballard, J.G.</marc:subfield><marc:subfield code="d">1930-2009</marc:subfield><marc:subfield code="0">(NO-TrBIB)90199005</marc:subfield></marc:datafield><marc:datafield tag="700" ind1="1" ind2=" "><marc:subfield code="a">Bester, Alfred</marc:subfield><marc:subfield code="d">1913-1987</marc:subfield><marc:subfield code="0">(NO-TrBIB)90083185</marc:subfield></marc:datafield><marc:datafield tag="700" ind1="1" ind2=" "><marc:subfield code="a">Clarke, Arthur C.</marc:subfield><marc:subfield code="d">1917-2008</marc:subfield><marc:subfield code="q">(Arthur Charles)</marc:subfield><marc:subfield code="0">(NO-TrBIB)90725602</marc:subfield></marc:datafield><marc:datafield tag="700" ind1="1" ind2=" "><marc:subfield code="a">Conquest, Robert</marc:subfield><marc:subfield code="d">1917-2015</marc:subfield><marc:subfield code="0">(NO-TrBIB)90092680</marc:subfield></marc:datafield><marc:datafield tag="700" ind1="1" ind2=" "><marc:subfield code="a">Leinster, Murray</marc:subfield><marc:subfield code="0">(NO-TrBIB)12071884</marc:subfield></marc:datafield><marc:datafield tag="700" ind1="1" ind2=" "><marc:subfield code="a">Phillips, Peter</marc:subfield><marc:subfield code="0">(NO-TrBIB)8030292</marc:subfield></marc:datafield><marc:datafield tag="700" ind1="1" ind2=" "><marc:subfield code="a">Rose, Mark</marc:subfield><marc:subfield code="0">(NO-TrBIB)90231592</marc:subfield></marc:datafield><marc:datafield tag="700" ind1="1" ind2=" "><marc:subfield code="a">Sturgeon, Theodore</marc:subfield><marc:subfield code="d">1918-1985</marc:subfield><marc:subfield code="0">(NO-TrBIB)90967876</marc:subfield></marc:datafield></marc:record>