
<marc:record><marc:leader>02584pam a2200553 i 4500</marc:leader>
<marc:controlfield tag="001">019242140</marc:controlfield>
<marc:controlfield tag="003">Uk</marc:controlfield><marc:controlfield tag="005">20210802164515.0</marc:controlfield><marc:controlfield tag="008">190204s2019    enkab         000|m|eng|d</marc:controlfield><marc:datafield tag="015" ind1=" " ind2=" "><marc:subfield code="a">GBB922734</marc:subfield><marc:subfield code="2">bnb</marc:subfield></marc:datafield><marc:datafield tag="016" ind1="7" ind2=" "><marc:subfield code="a">019242140</marc:subfield><marc:subfield code="2">Uk</marc:subfield></marc:datafield><marc:datafield tag="020" ind1=" " ind2=" "><marc:subfield code="a">9780007976737</marc:subfield><marc:subfield code="q">set</marc:subfield><marc:subfield code="q">paperback :</marc:subfield><marc:subfield code="c">£89.99</marc:subfield></marc:datafield><marc:datafield tag="020" ind1=" " ind2=" "><marc:subfield code="z">9780008329662</marc:subfield><marc:subfield code="q">Half of a yellow sun</marc:subfield><marc:subfield code="q">paperback</marc:subfield></marc:datafield><marc:datafield tag="020" ind1=" " ind2=" "><marc:subfield code="z">9780008329679</marc:subfield><marc:subfield code="q">Bad blood</marc:subfield><marc:subfield code="q">paperback</marc:subfield></marc:datafield><marc:datafield tag="020" ind1=" " ind2=" "><marc:subfield code="z">9780008329686</marc:subfield><marc:subfield code="q">The blue flower</marc:subfield><marc:subfield code="q">paperback</marc:subfield></marc:datafield><marc:datafield tag="020" ind1=" " ind2=" "><marc:subfield code="z">9780008329693</marc:subfield><marc:subfield code="q">The things they carried</marc:subfield><marc:subfield code="q">paperback</marc:subfield></marc:datafield><marc:datafield tag="020" ind1=" " ind2=" "><marc:subfield code="z">9780008329709</marc:subfield><marc:subfield code="q">The corrections</marc:subfield><marc:subfield code="q">paperback</marc:subfield></marc:datafield><marc:datafield tag="020" ind1=" " ind2=" "><marc:subfield code="z">9780008329716</marc:subfield><marc:subfield code="q">The shipping news</marc:subfield><marc:subfield code="q">paperback</marc:subfield></marc:datafield><marc:datafield tag="020" ind1=" " ind2=" "><marc:subfield code="z">9780008329723</marc:subfield><marc:subfield code="q">Stuart</marc:subfield><marc:subfield code="q">paperback</marc:subfield></marc:datafield><marc:datafield tag="020" ind1=" " ind2=" "><marc:subfield code="z">9780008329730</marc:subfield><marc:subfield code="q">A place of greater safety</marc:subfield><marc:subfield code="q">paperback</marc:subfield></marc:datafield><marc:datafield tag="020" ind1=" " ind2=" "><marc:subfield code="z">9780008329747</marc:subfield><marc:subfield code="q">The diving-bell and the butterfly</marc:subfield><marc:subfield code="q">paperback</marc:subfield></marc:datafield><marc:datafield tag="020" ind1=" " ind2=" "><marc:subfield code="z">9780008329754</marc:subfield><marc:subfield code="q">Empire of the sun</marc:subfield><marc:subfield code="q">paperback</marc:subfield></marc:datafield><marc:datafield tag="040" ind1=" " ind2=" "><marc:subfield code="a">StDuBDS</marc:subfield><marc:subfield code="b">eng</marc:subfield><marc:subfield code="c">StDuBDS</marc:subfield><marc:subfield code="d">Uk</marc:subfield><marc:subfield code="e">rda</marc:subfield></marc:datafield><marc:datafield tag="041" ind1="1" ind2=" "><marc:subfield code="a">eng</marc:subfield><marc:subfield code="h">fre</marc:subfield></marc:datafield><marc:datafield tag="042" ind1=" " ind2=" "><marc:subfield code="a">ukblsr</marc:subfield></marc:datafield><marc:datafield tag="082" ind1="0" ind2="4"><marc:subfield code="a">828.91408</marc:subfield><marc:subfield code="2">23</marc:subfield></marc:datafield><marc:datafield tag="245" ind1="0" ind2="0"><marc:subfield code="a">4th Estate Matchbook classics.</marc:subfield></marc:datafield><marc:datafield tag="246" ind1="1" ind2="3"><marc:subfield code="a">Fourth Estate Matchbook classics</marc:subfield></marc:datafield><marc:datafield tag="246" ind1="1" ind2="3"><marc:subfield code="a">Matchbook classics</marc:subfield></marc:datafield><marc:datafield tag="264" ind1=" " ind2="1"><marc:subfield code="a">[London] :</marc:subfield><marc:subfield code="b">[4th Estate],</marc:subfield><marc:subfield code="c">[2019]</marc:subfield></marc:datafield><marc:datafield tag="300" ind1=" " ind2=" "><marc:subfield code="a">10 volumes :</marc:subfield><marc:subfield code="b">illustrations (black and white), maps (black and white) ;</marc:subfield><marc:subfield code="c">20 cm</marc:subfield></marc:datafield><marc:datafield tag="336" ind1=" " ind2=" "><marc:subfield code="a">still image</marc:subfield><marc:subfield code="2">rdacontent</marc:subfield></marc:datafield><marc:datafield tag="336" ind1=" " ind2=" "><marc:subfield code="a">text</marc:subfield><marc:subfield code="2">rdacontent</marc:subfield></marc:datafield><marc:datafield tag="337" ind1=" " ind2=" "><marc:subfield code="a">unmediated</marc:subfield><marc:subfield code="2">rdamedia</marc:subfield></marc:datafield><marc:datafield tag="338" ind1=" " ind2=" "><marc:subfield code="a">volume</marc:subfield><marc:subfield code="2">rdacarrier</marc:subfield></marc:datafield><marc:datafield tag="500" ind1=" " ind2=" "><marc:subfield code="a">Formerly CIP.</marc:subfield><marc:subfield code="5">Uk</marc:subfield></marc:datafield><marc:datafield tag="500" ind1=" " ind2=" "><marc:subfield code="a">In box (30 x 21 x 14 cm).</marc:subfield></marc:datafield><marc:datafield tag="500" ind1=" " ind2=" "><marc:subfield code="a">Includes one work translated from the French.</marc:subfield></marc:datafield><marc:datafield tag="505" ind1="0" ind2=" "><marc:subfield code="a">Bad blood / Lorna Sage -- The blue flower / Penelope Fitzgerald -- The corrections / Jonathan Franzen -- The diving-bell and the butterfly / Jean-Dominique Bauby -- Empire of the sun / J.G. Ballard -- Half of a yellow sun / Chimamanda Ngozi Adichie -- A place of greater safety / Hilary Mantel -- The shipping news / Annie Proulx -- Stuart / Alexander Masters -- The things they carried / Tim O'Brien.</marc:subfield></marc:datafield><marc:datafield tag="700" ind1="1" ind2="2"><marc:subfield code="a">Adichie, Chimamanda Ngozi,</marc:subfield><marc:subfield code="d">1977-</marc:subfield><marc:subfield code="t">Half of a yellow sun.</marc:subfield></marc:datafield><marc:datafield tag="700" ind1="1" ind2="2"><marc:subfield code="a">Ballard, J. G.,</marc:subfield><marc:subfield code="d">1930-2009.</marc:subfield><marc:subfield code="t">Empire of the sun.</marc:subfield><marc:subfield code="1">http://viaf.org/viaf/180997771</marc:subfield></marc:datafield><marc:datafield tag="700" ind1="1" ind2="2"><marc:subfield code="a">Bauby, Jean-Dominique,</marc:subfield><marc:subfield code="d">1952-1997.</marc:subfield><marc:subfield code="t">Scaphandre et le papillon.</marc:subfield><marc:subfield code="l">English.</marc:subfield></marc:datafield><marc:datafield tag="700" ind1="1" ind2="2"><marc:subfield code="a">Fitzgerald, Penelope.</marc:subfield><marc:subfield code="t">Blue flower.</marc:subfield></marc:datafield><marc:datafield tag="700" ind1="1" ind2="2"><marc:subfield code="a">Franzen, Jonathan.</marc:subfield><marc:subfield code="t">Corrections.</marc:subfield></marc:datafield><marc:datafield tag="700" ind1="1" ind2="2"><marc:subfield code="a">Mantel, Hilary,</marc:subfield><marc:subfield code="d">1952-</marc:subfield><marc:subfield code="t">Place of greater safety.</marc:subfield></marc:datafield><marc:datafield tag="700" ind1="1" ind2="2"><marc:subfield code="a">Masters, Alexander.</marc:subfield><marc:subfield code="t">Stuart.</marc:subfield></marc:datafield><marc:datafield tag="700" ind1="1" ind2="2"><marc:subfield code="a">O'Brien, Tim.</marc:subfield><marc:subfield code="t">Things they carried.</marc:subfield></marc:datafield><marc:datafield tag="700" ind1="1" ind2="2"><marc:subfield code="a">Proulx, Annie.</marc:subfield><marc:subfield code="t">Shipping news.</marc:subfield></marc:datafield><marc:datafield tag="700" ind1="1" ind2="2"><marc:subfield code="a">Sage, Lorna.</marc:subfield><marc:subfield code="t">Bad blood.</marc:subfield></marc:datafield></marc:record>