
<marc:record><marc:leader>04065aam a2200577 i 4500</marc:leader>
<marc:controlfield tag="001">018677669</marc:controlfield>
<marc:controlfield tag="003">Uk</marc:controlfield><marc:controlfield tag="005">20180831094119.0</marc:controlfield><marc:controlfield tag="008">980619s1969    nyua          000 0 eng d</marc:controlfield><marc:datafield tag="040" ind1=" " ind2=" "><marc:subfield code="a">AVA</marc:subfield><marc:subfield code="b">eng</marc:subfield><marc:subfield code="c">AVA</marc:subfield><marc:subfield code="d">AVA</marc:subfield><marc:subfield code="d">Uk</marc:subfield><marc:subfield code="e">rda</marc:subfield></marc:datafield><marc:datafield tag="042" ind1=" " ind2=" "><marc:subfield code="a">ukblsr</marc:subfield></marc:datafield><marc:datafield tag="245" ind1="0" ind2="0"><marc:subfield code="a">Aspen 7 :</marc:subfield><marc:subfield code="b">British box in 15 sections ; (Spring-Summer [1969]) /</marc:subfield><marc:subfield code="c">[compiled and edited by Mario Amaya].</marc:subfield></marc:datafield><marc:datafield tag="260" ind1=" " ind2=" "><marc:subfield code="a">New York, New York :</marc:subfield><marc:subfield code="b">Roaring Fork Press,</marc:subfield><marc:subfield code="c">[1969]</marc:subfield></marc:datafield><marc:datafield tag="300" ind1=" " ind2=" "><marc:subfield code="a">1 box, 12 pieces :</marc:subfield><marc:subfield code="b">illustrations ;</marc:subfield><marc:subfield code="c">30 x 30 cm</marc:subfield></marc:datafield><marc:datafield tag="336" ind1=" " ind2=" "><marc:subfield code="a">text</marc:subfield><marc:subfield code="b">txt</marc:subfield><marc:subfield code="2">rdacontent</marc:subfield></marc:datafield><marc:datafield tag="337" ind1=" " ind2=" "><marc:subfield code="a">unmediated</marc:subfield><marc:subfield code="b">n</marc:subfield><marc:subfield code="2">rdamedia</marc:subfield></marc:datafield><marc:datafield tag="338" ind1=" " ind2=" "><marc:subfield code="a">volume</marc:subfield><marc:subfield code="b">nc</marc:subfield><marc:subfield code="2">rdacarrier</marc:subfield></marc:datafield><marc:datafield tag="500" ind1=" " ind2=" "><marc:subfield code="a">&quot;Aspen is published quarterly by Roaring Fork Press ... Phyllis Johnson, editor and publisher--Inside box cover.</marc:subfield></marc:datafield><marc:datafield tag="500" ind1=" " ind2=" "><marc:subfield code="a">&quot;Compiled and edited by Mario Amaya ; designed by John Cosh ; cover by Richard Smith&quot;--Inside box cover.</marc:subfield></marc:datafield><marc:datafield tag="500" ind1=" " ind2=" "><marc:subfield code="a">Artist's periodical consisting of a box (numbered &quot;Section 1, Aspen no. 7&quot;) and containing various other parts numbered 2-14.</marc:subfield></marc:datafield><marc:datafield tag="500" ind1=" " ind2=" "><marc:subfield code="a">Exhibited in &quot;Aspen Magazine 1965-1971&quot;, Whitechapel Art Gallery, 11 Sept 2012 - 3 March 2013.</marc:subfield></marc:datafield><marc:datafield tag="500" ind1=" " ind2=" "><marc:subfield code="a">Subtitle: &quot;British Box in 15 sections&quot;.</marc:subfield></marc:datafield><marc:datafield tag="505" ind1="0" ind2=" "><marc:subfield code="a">Details of contents (taken from supplier's list) : Section 1 : Box (unconstructed), with cover by Richard Smith and printed contents list inside cover -- Section 2 : &quot;British Knickers&quot; / Ossie Clark (fashion pattern from 'Quorum' magazine) -- Section 3 : &quot;Aspen&quot; magazine subscription form -- Section 4 : &quot;The Gay Atomic colouring book&quot; / Eduardo Paolozzi -- Section 5 : Book containing six pieces : &quot;The London decade&quot; / Mario Amaya ; &quot;London subcultures&quot; / Michael Instone ; &quot;Communicators&quot; / Christopher Finch ; &quot;New names in British cinema&quot; / David Robinson ; &quot;British poetry now&quot; / J. G. Ballard -- Sections 6 : &quot;Souvenir number 1&quot; / Peter Blake -- Section 7 : &quot;An artist's endorsement. Souvenir no. 7&quot; / Peter Blake -- Section 8 : &quot;The Lennon Diary 196&quot; (facsimile) / John Lennon -- Section 9 : Transcripts of the Flexi-disc recordings (sections 10 and 11) / Yoko Ono -- Section 10 : Flexi-disc containing two pieces : &quot;New numbers&quot; / Christopher Logue ; &quot;Three songs for Surrealists&quot; / John Tavener -- Section 11 : Flexi-disc containing two pieces : &quot;Radio Play&quot; / John Lennon ; &quot;Song for John : Let's go on flying all the time, Mum's only looking for her hand in the snow&quot; / Yoko Ono -- Section 12 : &quot;Europa and her Bull&quot; / John Furnival (folded poster print) -- Section 13 : &quot;Wave / Rock&quot; / Ian Hamilton Findlay (folded sheet) -- Section 14 : &quot;Notes on Rumpelstiltskin&quot; / David Hockney (single sheet) -- Section 15 : Advertisements folder.</marc:subfield></marc:datafield><marc:datafield tag="600" ind1="1" ind2="0"><marc:subfield code="a">Lennon, John,</marc:subfield><marc:subfield code="d">1940-1980.</marc:subfield></marc:datafield><marc:datafield tag="600" ind1="1" ind2="0"><marc:subfield code="a">Logue, Christopher,</marc:subfield><marc:subfield code="d">1926-2011.</marc:subfield></marc:datafield><marc:datafield tag="600" ind1="1" ind2="0"><marc:subfield code="a">Ono, Yōko.</marc:subfield></marc:datafield><marc:datafield tag="600" ind1="1" ind2="0"><marc:subfield code="a">Paolozzi, Eduardo,</marc:subfield><marc:subfield code="d">1924-2005.</marc:subfield></marc:datafield><marc:datafield tag="650" ind1=" " ind2="0"><marc:subfield code="a">Artists' book</marc:subfield><marc:subfield code="v">periodical</marc:subfield><marc:subfield code="z">U.S.A.</marc:subfield><marc:subfield code="y">1969.</marc:subfield></marc:datafield><marc:datafield tag="650" ind1=" " ind2="0"><marc:subfield code="a">Arts, English</marc:subfield><marc:subfield code="y">20th century.</marc:subfield></marc:datafield><marc:datafield tag="650" ind1=" " ind2="0"><marc:subfield code="a">Conceptual art.</marc:subfield></marc:datafield><marc:datafield tag="650" ind1=" " ind2="0"><marc:subfield code="a">Concrete art.</marc:subfield></marc:datafield><marc:datafield tag="700" ind1="1" ind2=" "><marc:subfield code="a">Amaya, Mario,</marc:subfield><marc:subfield code="e">editor.</marc:subfield></marc:datafield><marc:datafield tag="700" ind1="1" ind2=" "><marc:subfield code="a">Ballard, J. G.</marc:subfield><marc:subfield code="q">(James Graham),</marc:subfield><marc:subfield code="d">1930-2009,</marc:subfield><marc:subfield code="e">contributor.</marc:subfield></marc:datafield><marc:datafield tag="700" ind1="1" ind2=" "><marc:subfield code="a">Blake, Peter,</marc:subfield><marc:subfield code="d">1932-</marc:subfield><marc:subfield code="e">contributor.</marc:subfield></marc:datafield><marc:datafield tag="700" ind1="1" ind2=" "><marc:subfield code="a">Clark, Ossie,</marc:subfield><marc:subfield code="d">1942-1996,</marc:subfield><marc:subfield code="e">contributor.</marc:subfield></marc:datafield><marc:datafield tag="700" ind1="1" ind2=" "><marc:subfield code="a">Finch, Christopher,</marc:subfield><marc:subfield code="e">contributor.</marc:subfield></marc:datafield><marc:datafield tag="700" ind1="1" ind2=" "><marc:subfield code="a">Finlay, Ian Hamilton,</marc:subfield><marc:subfield code="d">1925-2006,</marc:subfield><marc:subfield code="e">contributor.</marc:subfield></marc:datafield><marc:datafield tag="700" ind1="1" ind2=" "><marc:subfield code="a">Furnival, John,</marc:subfield><marc:subfield code="d">1933-</marc:subfield><marc:subfield code="e">contributor.</marc:subfield></marc:datafield><marc:datafield tag="700" ind1="1" ind2=" "><marc:subfield code="a">Hockney, David,</marc:subfield><marc:subfield code="d">1937-</marc:subfield><marc:subfield code="e">contributor.</marc:subfield></marc:datafield><marc:datafield tag="700" ind1="1" ind2=" "><marc:subfield code="a">Instone, Michael,</marc:subfield><marc:subfield code="e">contributor.</marc:subfield></marc:datafield><marc:datafield tag="700" ind1="1" ind2=" "><marc:subfield code="a">Kosh, John,</marc:subfield><marc:subfield code="e">designer.</marc:subfield></marc:datafield><marc:datafield tag="700" ind1="1" ind2=" "><marc:subfield code="a">Lennon, John,</marc:subfield><marc:subfield code="d">1940-1980,</marc:subfield><marc:subfield code="e">contributor.</marc:subfield></marc:datafield><marc:datafield tag="700" ind1="1" ind2=" "><marc:subfield code="a">Logue, Christopher,</marc:subfield><marc:subfield code="d">1926-2011,</marc:subfield><marc:subfield code="e">contributor.</marc:subfield></marc:datafield><marc:datafield tag="700" ind1="1" ind2=" "><marc:subfield code="a">Lucie-Smith, Edward,</marc:subfield><marc:subfield code="e">contributor.</marc:subfield></marc:datafield><marc:datafield tag="700" ind1="1" ind2=" "><marc:subfield code="a">Ono, Yōko,</marc:subfield><marc:subfield code="e">contributor.</marc:subfield></marc:datafield><marc:datafield tag="700" ind1="1" ind2=" "><marc:subfield code="a">Paolozzi, Eduardo,</marc:subfield><marc:subfield code="d">1924-2005,</marc:subfield><marc:subfield code="e">contributor.</marc:subfield></marc:datafield><marc:datafield tag="700" ind1="1" ind2=" "><marc:subfield code="a">Robinson, David,</marc:subfield><marc:subfield code="d">1936 Dec. 9-</marc:subfield><marc:subfield code="e">contributor.</marc:subfield></marc:datafield><marc:datafield tag="700" ind1="1" ind2=" "><marc:subfield code="a">Smith, Richard,</marc:subfield><marc:subfield code="d">1931-2016,</marc:subfield><marc:subfield code="e">illustrator,</marc:subfield><marc:subfield code="e">book designer.</marc:subfield></marc:datafield><marc:datafield tag="700" ind1="1" ind2=" "><marc:subfield code="a">Tavener, John,</marc:subfield><marc:subfield code="d">1944-2013,</marc:subfield><marc:subfield code="e">contributor.</marc:subfield></marc:datafield><marc:datafield tag="710" ind1="2" ind2=" "><marc:subfield code="a">Roaring Fork Press,</marc:subfield><marc:subfield code="e">publisher.</marc:subfield></marc:datafield><marc:datafield tag="856" ind1="4" ind2=" "><marc:subfield code="3">Full text and media available on Ubu Web:</marc:subfield><marc:subfield code="u">http://www.ubu.com/aspen/aspen7/</marc:subfield></marc:datafield></marc:record>