
<marc:record><marc:leader>00668 am a2200217 a 4500</marc:leader>
<marc:controlfield tag="001">013056102</marc:controlfield>
<marc:controlfield tag="003">Uk</marc:controlfield><marc:controlfield tag="005">20041222141157.0</marc:controlfield><marc:controlfield tag="008">041206s1982    enk           000 0 eng  </marc:controlfield><marc:datafield tag="015" ind1=" " ind2=" "><marc:subfield code="a">GBA500039</marc:subfield><marc:subfield code="2">bnb</marc:subfield></marc:datafield><marc:datafield tag="040" ind1=" " ind2=" "><marc:subfield code="a">Uk</marc:subfield><marc:subfield code="b">eng</marc:subfield><marc:subfield code="c">Uk</marc:subfield><marc:subfield code="d">Uk</marc:subfield></marc:datafield><marc:datafield tag="042" ind1=" " ind2=" "><marc:subfield code="a">ukblsr</marc:subfield></marc:datafield><marc:datafield tag="082" ind1="0" ind2="4"><marc:subfield code="a">823.914</marc:subfield><marc:subfield code="2">22</marc:subfield></marc:datafield><marc:datafield tag="100" ind1="1" ind2=" "><marc:subfield code="a">Ballard, J. G.,</marc:subfield><marc:subfield code="d">1930-2009.</marc:subfield><marc:subfield code="1">http://viaf.org/viaf/9842556</marc:subfield><marc:subfield code="4">http://rdaregistry.info/Elements/w/object/P10061</marc:subfield></marc:datafield><marc:datafield tag="245" ind1="1" ind2="0"><marc:subfield code="a">News from the sun /</marc:subfield><marc:subfield code="c">J.G. Ballard.</marc:subfield></marc:datafield><marc:datafield tag="260" ind1=" " ind2=" "><marc:subfield code="a">London :</marc:subfield><marc:subfield code="b">Interzone,</marc:subfield><marc:subfield code="c">c1982.</marc:subfield></marc:datafield><marc:datafield tag="300" ind1=" " ind2=" "><marc:subfield code="a">[26] p. ;</marc:subfield><marc:subfield code="c">21 cm.</marc:subfield></marc:datafield><marc:datafield tag="336" ind1=" " ind2=" "><marc:subfield code="a">text</marc:subfield><marc:subfield code="2">rdacontent</marc:subfield></marc:datafield><marc:datafield tag="337" ind1=" " ind2=" "><marc:subfield code="a">unmediated</marc:subfield><marc:subfield code="2">rdamedia</marc:subfield></marc:datafield><marc:datafield tag="338" ind1=" " ind2=" "><marc:subfield code="a">volume</marc:subfield><marc:subfield code="2">rdacarrier</marc:subfield></marc:datafield><marc:datafield tag="650" ind1=" " ind2="0"><marc:subfield code="a">English literature</marc:subfield><marc:subfield code="x">20th century.</marc:subfield></marc:datafield></marc:record>