
<marc:record><marc:leader>01404 am a2200325ui 4500</marc:leader>
<marc:controlfield tag="001">012013536</marc:controlfield>
<marc:controlfield tag="003">UK</marc:controlfield><marc:controlfield tag="005">20160602012300.0</marc:controlfield><marc:controlfield tag="008">790419s1979    xxua    |     000 | eng  </marc:controlfield><marc:datafield tag="010" ind1=" " ind2=" "><marc:subfield code="a">79013065</marc:subfield></marc:datafield><marc:datafield tag="019" ind1="1" ind2=" "><marc:subfield code="a">0893701386</marc:subfield></marc:datafield><marc:datafield tag="020" ind1=" " ind2=" "><marc:subfield code="a">0893701386</marc:subfield></marc:datafield><marc:datafield tag="020" ind1=" " ind2=" "><marc:subfield code="a">0893702382</marc:subfield></marc:datafield><marc:datafield tag="040" ind1=" " ind2=" "><marc:subfield code="a">Uk</marc:subfield><marc:subfield code="c">Uk</marc:subfield></marc:datafield><marc:datafield tag="082" ind1="0" ind2="0"><marc:subfield code="a">823/.9/14</marc:subfield></marc:datafield><marc:datafield tag="100" ind1="1" ind2=" "><marc:subfield code="a">Pringle, David.</marc:subfield><marc:subfield code="1">http://viaf.org/viaf/22226089</marc:subfield><marc:subfield code="4">http://rdaregistry.info/Elements/w/object/P10061</marc:subfield></marc:datafield><marc:datafield tag="240" ind1=" " ind2=" "><marc:subfield code="a">Earth is the alien planet</marc:subfield><marc:subfield code="1">http://viaf.org/viaf/22226089/earthisthealienplanet</marc:subfield></marc:datafield><marc:datafield tag="245" ind1="1" ind2="0"><marc:subfield code="a">Earth is the alien planet :</marc:subfield><marc:subfield code="b">J. G. Ballard's four-dimensional nightmare /</marc:subfield><marc:subfield code="c">by David Pringle.</marc:subfield></marc:datafield><marc:datafield tag="260" ind1=" " ind2=" "><marc:subfield code="a">San Bernardino, Calif. :</marc:subfield><marc:subfield code="b">Borgo Press,</marc:subfield><marc:subfield code="c">1979.</marc:subfield></marc:datafield><marc:datafield tag="300" ind1=" " ind2=" "><marc:subfield code="a">63 p. :</marc:subfield><marc:subfield code="b">ill. ;</marc:subfield><marc:subfield code="c">22 cm.</marc:subfield></marc:datafield><marc:datafield tag="336" ind1=" " ind2=" "><marc:subfield code="a">tekst</marc:subfield><marc:subfield code="0">http://rdaregistry.info/termList/RDAContentType/1020</marc:subfield></marc:datafield><marc:datafield tag="337" ind1=" " ind2=" "><marc:subfield code="a">uformidlet</marc:subfield><marc:subfield code="0">http://rdaregistry.info/termList/RDAMediaType/1007</marc:subfield></marc:datafield><marc:datafield tag="338" ind1=" " ind2=" "><marc:subfield code="a">bind</marc:subfield><marc:subfield code="0">http://rdaregistry.info/termList/RDACarrierType/1049</marc:subfield></marc:datafield><marc:datafield tag="380" ind1=" " ind2=" "><marc:subfield code="a">Språkbasert verk</marc:subfield><marc:subfield code="1">https://schema.nb.no/Bibliographic/Values/V1000</marc:subfield></marc:datafield><marc:datafield tag="490" ind1="0" ind2=" "><marc:subfield code="a">Popular writers of today ;</marc:subfield><marc:subfield code="v">v. 26</marc:subfield></marc:datafield><marc:datafield tag="490" ind1="0" ind2=" "><marc:subfield code="a">The Milford series</marc:subfield></marc:datafield><marc:datafield tag="540" ind1=" " ind2=" "><marc:subfield code="a">British Library not licensed to copy</marc:subfield><marc:subfield code="c">0</marc:subfield><marc:subfield code="5">Uk</marc:subfield></marc:datafield><marc:datafield tag="600" ind1="1" ind2="0"><marc:subfield code="a">Ballard, J. G.,</marc:subfield><marc:subfield code="d">1930-2009</marc:subfield><marc:subfield code="x">Criticism and interpretation.</marc:subfield><marc:subfield code="1">http://viaf.org/viaf/9842556</marc:subfield></marc:datafield><marc:datafield tag="650" ind1=" " ind2="0"><marc:subfield code="a">Science fiction, English</marc:subfield><marc:subfield code="x">History and criticism.</marc:subfield></marc:datafield><marc:datafield tag="653" ind1=" " ind2=" "><marc:subfield code="a">Fiction in English</marc:subfield><marc:subfield code="a">Ballard, J</marc:subfield><marc:subfield code="a">G.</marc:subfield><marc:subfield code="a">1930-</marc:subfield></marc:datafield></marc:record>