
<marc:record><marc:leader>00865 am a2200277ui 4500</marc:leader>
<marc:controlfield tag="001">007362338</marc:controlfield>
<marc:controlfield tag="003">UK</marc:controlfield><marc:controlfield tag="005">20160601115100.0</marc:controlfield><marc:controlfield tag="008">791026s1979    enk    ||     000 1|eng  </marc:controlfield><marc:datafield tag="015" ind1=" " ind2=" "><marc:subfield code="a">GB7925384</marc:subfield><marc:subfield code="2">bnb</marc:subfield></marc:datafield><marc:datafield tag="019" ind1="1" ind2=" "><marc:subfield code="a">022401742x</marc:subfield></marc:datafield><marc:datafield tag="019" ind1="9" ind2=" "><marc:subfield code="a">022401742x</marc:subfield></marc:datafield><marc:datafield tag="019" ind1="y" ind2=" "><marc:subfield code="a">B7925384</marc:subfield></marc:datafield><marc:datafield tag="020" ind1=" " ind2=" "><marc:subfield code="a">022401742X :</marc:subfield><marc:subfield code="c">£4.95</marc:subfield></marc:datafield><marc:datafield tag="040" ind1=" " ind2=" "><marc:subfield code="a">Uk</marc:subfield><marc:subfield code="c">Uk</marc:subfield></marc:datafield><marc:datafield tag="082" ind1="0" ind2="4"><marc:subfield code="a">823/.9/1</marc:subfield><marc:subfield code="2">18</marc:subfield></marc:datafield><marc:datafield tag="100" ind1="1" ind2=" "><marc:subfield code="a">Ballard, J. G.,</marc:subfield><marc:subfield code="d">1930-2009.</marc:subfield><marc:subfield code="1">http://viaf.org/viaf/9842556</marc:subfield><marc:subfield code="4">http://rdaregistry.info/Elements/w/object/P10061</marc:subfield></marc:datafield><marc:datafield tag="240" ind1="1" ind2="0"><marc:subfield code="a">The unlimited dream company</marc:subfield><marc:subfield code="1">http://viaf.org/viaf/307972381</marc:subfield></marc:datafield><marc:datafield tag="245" ind1="1" ind2="4"><marc:subfield code="a">The unlimited dream company /</marc:subfield><marc:subfield code="c">J.G. Ballard.</marc:subfield></marc:datafield><marc:datafield tag="260" ind1=" " ind2=" "><marc:subfield code="a">London :</marc:subfield><marc:subfield code="b">Cape,</marc:subfield><marc:subfield code="c">1979.</marc:subfield></marc:datafield><marc:datafield tag="300" ind1=" " ind2=" "><marc:subfield code="a">223p. ;</marc:subfield><marc:subfield code="c">21cm.</marc:subfield></marc:datafield><marc:datafield tag="336" ind1=" " ind2=" "><marc:subfield code="a">text</marc:subfield><marc:subfield code="2">rdacontent</marc:subfield></marc:datafield><marc:datafield tag="337" ind1=" " ind2=" "><marc:subfield code="a">unmediated</marc:subfield><marc:subfield code="2">rdamedia</marc:subfield></marc:datafield><marc:datafield tag="338" ind1=" " ind2=" "><marc:subfield code="a">volume</marc:subfield><marc:subfield code="2">rdacarrier</marc:subfield></marc:datafield><marc:datafield tag="650" ind1=" " ind2="0"><marc:subfield code="a">Fiction in English.</marc:subfield></marc:datafield><marc:datafield tag="653" ind1=" " ind2=" "><marc:subfield code="a">Fiction in English</marc:subfield><marc:subfield code="a">1900-</marc:subfield><marc:subfield code="a">Texts</marc:subfield></marc:datafield></marc:record>