
<marc:record><marc:leader>00573caa a22001933u 4500</marc:leader>
<marc:controlfield tag="001">006117442</marc:controlfield>
<marc:controlfield tag="003">UK</marc:controlfield><marc:controlfield tag="005">20211231165902.0</marc:controlfield><marc:controlfield tag="008">911121s1992    enk    ||     000 ||eng  </marc:controlfield><marc:datafield tag="019" ind1="a" ind2=" "><marc:subfield code="a">G01720252</marc:subfield></marc:datafield><marc:datafield tag="020" ind1=" " ind2=" "><marc:subfield code="a">0313279225</marc:subfield></marc:datafield><marc:datafield tag="040" ind1=" " ind2=" "><marc:subfield code="a">Book Data</marc:subfield><marc:subfield code="d">Uk</marc:subfield></marc:datafield><marc:datafield tag="100" ind1="1" ind2=" "><marc:subfield code="a">Stephenson, Gregory.</marc:subfield></marc:datafield><marc:datafield tag="245" ind1="0" ind2="0"><marc:subfield code="a">Out of the night and into the dream :</marc:subfield><marc:subfield code="b">A thematic study of the fiction of J G Ballard.</marc:subfield></marc:datafield><marc:datafield tag="260" ind1=" " ind2=" "><marc:subfield code="b">Greenwood Press,</marc:subfield><marc:subfield code="c">1991.</marc:subfield></marc:datafield><marc:datafield tag="336" ind1=" " ind2=" "><marc:subfield code="a">text</marc:subfield><marc:subfield code="2">rdacontent</marc:subfield></marc:datafield><marc:datafield tag="337" ind1=" " ind2=" "><marc:subfield code="a">unmediated</marc:subfield><marc:subfield code="2">rdamedia</marc:subfield></marc:datafield><marc:datafield tag="338" ind1=" " ind2=" "><marc:subfield code="a">volume</marc:subfield><marc:subfield code="2">rdacarrier</marc:subfield></marc:datafield><marc:datafield tag="540" ind1=" " ind2=" "><marc:subfield code="a">British Library not licensed to copy</marc:subfield><marc:subfield code="c">0</marc:subfield><marc:subfield code="5">Uk</marc:subfield></marc:datafield></marc:record>