
<marc:record><marc:leader>01063cam a2200277   4500</marc:leader>
<marc:controlfield tag="001">a4341876</marc:controlfield>
<marc:controlfield tag="003">SpMaBN</marc:controlfield><marc:controlfield tag="005">20200515023443.6</marc:controlfield><marc:controlfield tag="008">080924s2008    sp     | |||| 000 f spa  </marc:controlfield><marc:datafield tag="015" ind1=" " ind2=" "><marc:subfield code="a">MON0812</marc:subfield></marc:datafield><marc:datafield tag="017" ind1=" " ind2=" "><marc:subfield code="a">B 31435-2008</marc:subfield><marc:subfield code="b">Oficina Depósito Legal Barcelona</marc:subfield></marc:datafield><marc:datafield tag="020" ind1=" " ind2=" "><marc:subfield code="a">978-84-8346-812-8</marc:subfield></marc:datafield><marc:datafield tag="040" ind1=" " ind2=" "><marc:subfield code="a">SpMaBN</marc:subfield><marc:subfield code="b">spa</marc:subfield><marc:subfield code="c">SpMaBN</marc:subfield><marc:subfield code="e">rdc</marc:subfield></marc:datafield><marc:datafield tag="041" ind1="1" ind2=" "><marc:subfield code="a">spa</marc:subfield><marc:subfield code="h">eng</marc:subfield></marc:datafield><marc:datafield tag="080" ind1=" " ind2=" "><marc:subfield code="a">821.111-31&quot;19&quot;</marc:subfield></marc:datafield><marc:datafield tag="100" ind1="1" ind2=" "><marc:subfield code="a">Ballard, J. G.</marc:subfield><marc:subfield code="d">1930-2009</marc:subfield><marc:subfield code="0">XX1721261</marc:subfield><marc:subfield code="1">http://viaf.org/viaf/9842556</marc:subfield><marc:subfield code="4">http://rdaregistry.info/Elements/w/object/P10061</marc:subfield></marc:datafield><marc:datafield tag="240" ind1="1" ind2="4"><marc:subfield code="a">The kindness of women</marc:subfield><marc:subfield code="l">Español</marc:subfield><marc:subfield code="1">http://viaf.org/viaf/8009153289944232770002</marc:subfield></marc:datafield><marc:datafield tag="245" ind1="1" ind2="3"><marc:subfield code="a">La bondad de las mujeres</marc:subfield><marc:subfield code="h">[Texto impreso]</marc:subfield><marc:subfield code="c">[J.G. Ballard] ; traducción de Luis Murillo Fort</marc:subfield></marc:datafield><marc:datafield tag="250" ind1=" " ind2=" "><marc:subfield code="a">1ª ed.</marc:subfield></marc:datafield><marc:datafield tag="260" ind1=" " ind2=" "><marc:subfield code="a">[Barcelona]</marc:subfield><marc:subfield code="b">Debolsillo</marc:subfield><marc:subfield code="c">2008</marc:subfield></marc:datafield><marc:datafield tag="300" ind1=" " ind2=" "><marc:subfield code="a">374 p.</marc:subfield><marc:subfield code="c">20 cm</marc:subfield></marc:datafield><marc:datafield tag="490" ind1="1" ind2=" "><marc:subfield code="a">Best seller</marc:subfield><marc:subfield code="v">758/2</marc:subfield></marc:datafield><marc:datafield tag="490" ind1="1" ind2=" "><marc:subfield code="a">Biblioteca J.G. Ballard</marc:subfield><marc:subfield code="v">2</marc:subfield></marc:datafield><marc:datafield tag="594" ind1=" " ind2=" "><marc:subfield code="a">Traducción de: The kindness of women</marc:subfield></marc:datafield><marc:datafield tag="800" ind1="1" ind2=" "><marc:subfield code="a">Ballard, J. G.</marc:subfield><marc:subfield code="d">1930-2009</marc:subfield><marc:subfield code="t">Biblioteca J.G. Ballard (Debolsillo)</marc:subfield><marc:subfield code="v">2</marc:subfield></marc:datafield><marc:datafield tag="830" ind1=" " ind2="0"><marc:subfield code="a">Bestseller (Barcelona)</marc:subfield><marc:subfield code="v">758/2</marc:subfield></marc:datafield></marc:record>