
<marc:record><marc:leader>01285nam a2200277   4500</marc:leader>
<marc:controlfield tag="001">bimo0002109979</marc:controlfield>
<marc:controlfield tag="003">SpMaBN</marc:controlfield><marc:controlfield tag="005">20150204101200.4</marc:controlfield><marc:controlfield tag="008">060608s2005    sp |          ||| ||spa  </marc:controlfield><marc:datafield tag="016" ind1="7" ind2=" "><marc:subfield code="a">bimoBNE20060557849</marc:subfield><marc:subfield code="2">SpMaBN</marc:subfield></marc:datafield><marc:datafield tag="017" ind1=" " ind2=" "><marc:subfield code="a">B 51728-2005</marc:subfield><marc:subfield code="b">Oficina Depósito Legal Barcelona</marc:subfield></marc:datafield><marc:datafield tag="020" ind1=" " ind2=" "><marc:subfield code="a">84-341-0180-7</marc:subfield><marc:subfield code="z">84-341-0180-0</marc:subfield></marc:datafield><marc:datafield tag="040" ind1=" " ind2=" "><marc:subfield code="a">SpMaBN</marc:subfield><marc:subfield code="b">spa</marc:subfield><marc:subfield code="c">SpMaBN</marc:subfield><marc:subfield code="e">rdc</marc:subfield></marc:datafield><marc:datafield tag="080" ind1=" " ind2=" "><marc:subfield code="a">821.111(73)-34&quot;19&quot;(082.2)</marc:subfield></marc:datafield><marc:datafield tag="080" ind1=" " ind2=" "><marc:subfield code="a">821.134.2-34&quot;19&quot;(082.2)</marc:subfield></marc:datafield><marc:datafield tag="245" ind1="0" ind2="1"><marc:subfield code="a">¡Castigados sin tele!</marc:subfield><marc:subfield code="h">[Texto impreso]</marc:subfield></marc:datafield><marc:datafield tag="260" ind1=" " ind2=" "><marc:subfield code="a">[s.l.</marc:subfield><marc:subfield code="b">s.n.</marc:subfield><marc:subfield code="c">2006]</marc:subfield><marc:subfield code="e">Santa Perpètua de Mogoda (Barcelona)</marc:subfield><marc:subfield code="f">Cayfosa-Quebecor</marc:subfield></marc:datafield><marc:datafield tag="300" ind1=" " ind2=" "><marc:subfield code="a">3 v.</marc:subfield><marc:subfield code="c">19 cm</marc:subfield></marc:datafield><marc:datafield tag="440" ind1=" " ind2="0"><marc:subfield code="a">50 años de televisión</marc:subfield><marc:subfield code="v">1-3</marc:subfield></marc:datafield><marc:datafield tag="505" ind1="0" ind2=" "><marc:subfield code="a">v. 1. Cuentos para que no veas la televisión / [cuentos de Andreu Buenafuente ... et al. ; prólogo de Juan_Cruz] v. 2. Más cuentos para que sigas sin ver la televisión / [cuentos de J.G. Ballard ... et al. ; prólogo de Javier Calvo] v. 3. La televisión, definitivamente, es un cuento / [textos de Pierre Bourdieu ... et al. ; prólogo de Juan Cueto]</marc:subfield></marc:datafield><marc:datafield tag="594" ind1=" " ind2=" "><marc:subfield code="a">En la cub.: Fnac</marc:subfield></marc:datafield><marc:datafield tag="650" ind1=" " ind2="7"><marc:subfield code="a">Cuentos españoles</marc:subfield><marc:subfield code="y">S.XX</marc:subfield><marc:subfield code="2">embne</marc:subfield></marc:datafield><marc:datafield tag="650" ind1=" " ind2="7"><marc:subfield code="a">Cuentos norteamericanos</marc:subfield><marc:subfield code="y">S.XX</marc:subfield><marc:subfield code="2">embne</marc:subfield></marc:datafield><marc:datafield tag="700" ind1="1" ind2=" "><marc:subfield code="a">Ballard, J. G.</marc:subfield><marc:subfield code="d">1930-2009</marc:subfield></marc:datafield><marc:datafield tag="700" ind1="1" ind2=" "><marc:subfield code="a">Bourdieu, Pierre</marc:subfield><marc:subfield code="d">1930-2002</marc:subfield></marc:datafield><marc:datafield tag="700" ind1="1" ind2=" "><marc:subfield code="a">Buenafuente, Andreu</marc:subfield><marc:subfield code="d">1965-</marc:subfield></marc:datafield></marc:record>