
<marc:record><marc:leader>00864nam a2200229   4500</marc:leader>
<marc:controlfield tag="001">bimo0000646568</marc:controlfield>
<marc:controlfield tag="003">SpMaBN</marc:controlfield><marc:controlfield tag="005">20200515013715.6</marc:controlfield><marc:controlfield tag="008">970710s1997    sp |          ||| ||spa  </marc:controlfield><marc:datafield tag="016" ind1="7" ind2=" "><marc:subfield code="a">bimoBNE19971263686</marc:subfield><marc:subfield code="2">SpMaBN</marc:subfield></marc:datafield><marc:datafield tag="017" ind1=" " ind2=" "><marc:subfield code="a">B 3152-1997</marc:subfield><marc:subfield code="b">Oficina Depósito Legal Barcelona</marc:subfield></marc:datafield><marc:datafield tag="020" ind1=" " ind2=" "><marc:subfield code="a">84-7888-326-6</marc:subfield></marc:datafield><marc:datafield tag="040" ind1=" " ind2=" "><marc:subfield code="a">SpMaBN</marc:subfield><marc:subfield code="b">spa</marc:subfield><marc:subfield code="c">SpMaBN</marc:subfield><marc:subfield code="e">rdc</marc:subfield></marc:datafield><marc:datafield tag="041" ind1="1" ind2=" "><marc:subfield code="a">spa</marc:subfield><marc:subfield code="h">eng</marc:subfield></marc:datafield><marc:datafield tag="080" ind1=" " ind2=" "><marc:subfield code="a">821.111-31&quot;19&quot;</marc:subfield></marc:datafield><marc:datafield tag="100" ind1="1" ind2=" "><marc:subfield code="a">Ballard, J. G.</marc:subfield><marc:subfield code="d">1930-2009</marc:subfield><marc:subfield code="0">XX1721261</marc:subfield><marc:subfield code="1">http://viaf.org/viaf/9842556</marc:subfield><marc:subfield code="4">http://rdaregistry.info/Elements/w/object/P10061</marc:subfield></marc:datafield><marc:datafield tag="240" ind1="1" ind2="4"><marc:subfield code="a">The kindness of women</marc:subfield><marc:subfield code="l">Español</marc:subfield><marc:subfield code="1">http://viaf.org/viaf/8009153289944232770002</marc:subfield></marc:datafield><marc:datafield tag="245" ind1="1" ind2="3"><marc:subfield code="a">La bondad de las mujeres</marc:subfield><marc:subfield code="c">J.G. Ballard ; [traducción, Luis Murillo Fort]</marc:subfield></marc:datafield><marc:datafield tag="260" ind1=" " ind2=" "><marc:subfield code="a">Barcelona</marc:subfield><marc:subfield code="b">Emecé</marc:subfield><marc:subfield code="c">[1997]</marc:subfield></marc:datafield><marc:datafield tag="300" ind1=" " ind2=" "><marc:subfield code="a">351 p.</marc:subfield><marc:subfield code="c">19 cm</marc:subfield></marc:datafield><marc:datafield tag="440" ind1=" " ind2="0"><marc:subfield code="a">Letras de bolsillo</marc:subfield></marc:datafield><marc:datafield tag="594" ind1=" " ind2=" "><marc:subfield code="a">Traducción de: The kindness of women</marc:subfield></marc:datafield></marc:record>