
<marc:record><marc:leader>00987nam a22002655  4500</marc:leader>
<marc:controlfield tag="001">bimo0000401948</marc:controlfield>
<marc:controlfield tag="003">SpMaBN</marc:controlfield><marc:controlfield tag="005">20200515013033.6</marc:controlfield><marc:controlfield tag="008">940427s1994    sp |         |||| ||spa  </marc:controlfield><marc:datafield tag="016" ind1="7" ind2=" "><marc:subfield code="a">bimoBNE19940121622</marc:subfield><marc:subfield code="2">SpMaBN</marc:subfield></marc:datafield><marc:datafield tag="017" ind1=" " ind2=" "><marc:subfield code="a">B 1116-1994</marc:subfield><marc:subfield code="b">Oficina Depósito Legal Barcelona</marc:subfield></marc:datafield><marc:datafield tag="020" ind1=" " ind2=" "><marc:subfield code="a">84-450-7147-5</marc:subfield></marc:datafield><marc:datafield tag="040" ind1=" " ind2=" "><marc:subfield code="a">SpMaBN</marc:subfield><marc:subfield code="b">spa</marc:subfield><marc:subfield code="c">SpMaBN</marc:subfield><marc:subfield code="e">rdc</marc:subfield></marc:datafield><marc:datafield tag="041" ind1="1" ind2=" "><marc:subfield code="a">spa</marc:subfield><marc:subfield code="h">eng</marc:subfield></marc:datafield><marc:datafield tag="080" ind1=" " ind2=" "><marc:subfield code="a">820-32&quot;19&quot;</marc:subfield></marc:datafield><marc:datafield tag="100" ind1="1" ind2=" "><marc:subfield code="a">Ballard, J. G.</marc:subfield><marc:subfield code="d">1930-2009</marc:subfield><marc:subfield code="0">XX1721261</marc:subfield><marc:subfield code="1">http://viaf.org/viaf/9842556</marc:subfield><marc:subfield code="4">http://rdaregistry.info/Elements/w/object/P10061</marc:subfield></marc:datafield><marc:datafield tag="240" ind1="1" ind2="4"><marc:subfield code="a">The day of forever</marc:subfield><marc:subfield code="l">Español</marc:subfield><marc:subfield code="1">http://viaf.org/viaf/307992426</marc:subfield></marc:datafield><marc:datafield tag="245" ind1="1" ind2="3"><marc:subfield code="a">El día eterno</marc:subfield><marc:subfield code="h">[Texto impreso]</marc:subfield><marc:subfield code="c">J. G. Ballard ; [traducción, Aurora Bernárdez, Carlos Gardini y Marcial Souto]</marc:subfield></marc:datafield><marc:datafield tag="250" ind1=" " ind2=" "><marc:subfield code="a">1ª ed.</marc:subfield></marc:datafield><marc:datafield tag="260" ind1=" " ind2=" "><marc:subfield code="a">Barcelona</marc:subfield><marc:subfield code="b">Minotauro</marc:subfield><marc:subfield code="c">1994</marc:subfield></marc:datafield><marc:datafield tag="300" ind1=" " ind2=" "><marc:subfield code="a">171 p.</marc:subfield><marc:subfield code="c">21 cm</marc:subfield></marc:datafield><marc:datafield tag="594" ind1=" " ind2=" "><marc:subfield code="a">Traducción de: The day of forever</marc:subfield></marc:datafield><marc:datafield tag="700" ind1="1" ind2=" "><marc:subfield code="a">Bernárdez, Aurora</marc:subfield><marc:subfield code="d">1920-2014</marc:subfield></marc:datafield><marc:datafield tag="700" ind1="1" ind2=" "><marc:subfield code="a">Gardini, Carlos</marc:subfield><marc:subfield code="d">1948-</marc:subfield></marc:datafield><marc:datafield tag="700" ind1="1" ind2=" "><marc:subfield code="a">Souto, Marcial</marc:subfield></marc:datafield></marc:record>