
<marc:record><marc:leader>00891nam a2200241 i 4500</marc:leader>
<marc:controlfield tag="001">bimo0000327002</marc:controlfield>
<marc:controlfield tag="003">SpMaBN</marc:controlfield><marc:controlfield tag="005">20210929025016.4</marc:controlfield><marc:controlfield tag="008">920916s1989    sp              | | spa d</marc:controlfield><marc:datafield tag="016" ind1="7" ind2=" "><marc:subfield code="a">bimoBNE19930531762</marc:subfield><marc:subfield code="z">CEN920032710</marc:subfield><marc:subfield code="2">SpMaBN</marc:subfield></marc:datafield><marc:datafield tag="017" ind1=" " ind2=" "><marc:subfield code="a">B 25729-1989</marc:subfield><marc:subfield code="b">Oficina Depósito Legal Barcelona</marc:subfield></marc:datafield><marc:datafield tag="020" ind1=" " ind2=" "><marc:subfield code="a">84-450-7091-6</marc:subfield></marc:datafield><marc:datafield tag="040" ind1=" " ind2=" "><marc:subfield code="a">SpMaBN</marc:subfield><marc:subfield code="b">spa</marc:subfield><marc:subfield code="c">CEN</marc:subfield></marc:datafield><marc:datafield tag="041" ind1="1" ind2=" "><marc:subfield code="a">spa</marc:subfield><marc:subfield code="h">eng</marc:subfield></marc:datafield><marc:datafield tag="080" ind1=" " ind2=" "><marc:subfield code="a">820-31&quot;19&quot;</marc:subfield></marc:datafield><marc:datafield tag="100" ind1="1" ind2=" "><marc:subfield code="a">Ballard, J. G.</marc:subfield><marc:subfield code="d">1930-2009</marc:subfield><marc:subfield code="0">XX1721261</marc:subfield><marc:subfield code="1">http://viaf.org/viaf/9842556</marc:subfield><marc:subfield code="4">http://rdaregistry.info/Elements/w/object/P10061</marc:subfield></marc:datafield><marc:datafield tag="240" ind1="1" ind2="4"><marc:subfield code="a">The day of creation</marc:subfield><marc:subfield code="l">Español</marc:subfield><marc:subfield code="1">http://viaf.org/viaf/308025936</marc:subfield></marc:datafield><marc:datafield tag="245" ind1="1" ind2="3"><marc:subfield code="a">El día de la creación</marc:subfield><marc:subfield code="h">[Texto impreso]</marc:subfield><marc:subfield code="c">J. G. Ballard ; [traducción de Carlos Peralta]</marc:subfield></marc:datafield><marc:datafield tag="250" ind1=" " ind2=" "><marc:subfield code="a">[1ª ed.]</marc:subfield></marc:datafield><marc:datafield tag="260" ind1=" " ind2=" "><marc:subfield code="a">Barcelona</marc:subfield><marc:subfield code="b">Minotauro</marc:subfield><marc:subfield code="c">1989</marc:subfield></marc:datafield><marc:datafield tag="300" ind1=" " ind2=" "><marc:subfield code="a">332 p.</marc:subfield><marc:subfield code="c">21 cm</marc:subfield></marc:datafield><marc:datafield tag="500" ind1=" " ind2=" "><marc:subfield code="a">Traducción de : The Day of Creation</marc:subfield></marc:datafield><marc:datafield tag="700" ind1="1" ind2=" "><marc:subfield code="a">Peralta, Carlos</marc:subfield></marc:datafield></marc:record>