
<marc:record><marc:leader>02371ngm a22004931  4500</marc:leader>
<marc:controlfield tag="001">a5295544</marc:controlfield>
<marc:controlfield tag="003">SpMaBN</marc:controlfield><marc:controlfield tag="005">20210929031132.4</marc:controlfield><marc:controlfield tag="007">vf*cbahos</marc:controlfield><marc:controlfield tag="008">121213s1989    sp 147 g         1  spa  </marc:controlfield><marc:datafield tag="017" ind1=" " ind2=" "><marc:subfield code="a">M 5168-1989</marc:subfield><marc:subfield code="b">Oficina Depósito Legal Madrid</marc:subfield></marc:datafield><marc:datafield tag="028" ind1="4" ind2="0"><marc:subfield code="a">PHV 11753</marc:subfield><marc:subfield code="b">Warner Home Video</marc:subfield></marc:datafield><marc:datafield tag="040" ind1=" " ind2=" "><marc:subfield code="a">Reconversión</marc:subfield><marc:subfield code="b">spa</marc:subfield><marc:subfield code="c">A2</marc:subfield><marc:subfield code="d">SpMaBN</marc:subfield></marc:datafield><marc:datafield tag="041" ind1="1" ind2=" "><marc:subfield code="a">spa</marc:subfield><marc:subfield code="h">eng</marc:subfield></marc:datafield><marc:datafield tag="130" ind1="1" ind2="0"><marc:subfield code="a">Empire of the sun</marc:subfield><marc:subfield code="1">http://viaf.org/viaf/293611582</marc:subfield></marc:datafield><marc:datafield tag="245" ind1="1" ind2="3"><marc:subfield code="a">El Imperio del Sol =</marc:subfield><marc:subfield code="b">Empire of the sun</marc:subfield><marc:subfield code="c">dirigida por Steven Spielberg ; director de fotografía, Allen Daviau ; música de John Williams ; guión de Tom Stoppard ; producida por Steven Spielberg, Kathleen Kennedy, Frank Marshall</marc:subfield></marc:datafield><marc:datafield tag="260" ind1=" " ind2=" "><marc:subfield code="a">[Madrid]</marc:subfield><marc:subfield code="b">distribuida en España por Warner Home Video Española</marc:subfield><marc:subfield code="c">D.L. 1989</marc:subfield></marc:datafield><marc:datafield tag="300" ind1=" " ind2=" "><marc:subfield code="a">1 videocasete (VHS) (ca. 147 min)</marc:subfield><marc:subfield code="b">son., col.</marc:subfield></marc:datafield><marc:datafield tag="336" ind1=" " ind2=" "><marc:subfield code="a">Imagen (en movimiento ; bidimensional)</marc:subfield><marc:subfield code="2">isbdcontent</marc:subfield></marc:datafield><marc:datafield tag="337" ind1=" " ind2=" "><marc:subfield code="a">vídeo</marc:subfield><marc:subfield code="2">isbdmedia</marc:subfield></marc:datafield><marc:datafield tag="336" ind1=" " ind2=" "><marc:subfield code="a">todimensjonalt levende bilde</marc:subfield><marc:subfield code="2">rdacontent</marc:subfield><marc:subfield code="0">http://rdaregistry.info/termList/RDAContentType/1023</marc:subfield></marc:datafield><marc:datafield tag="337" ind1=" " ind2=" "><marc:subfield code="a">video</marc:subfield><marc:subfield code="2">rdamedia</marc:subfield><marc:subfield code="0">http://rdaregistry.info/termList/RDAMediaType/1008</marc:subfield></marc:datafield><marc:datafield tag="338" ind1=" " ind2=" "><marc:subfield code="a">videplate</marc:subfield><marc:subfield code="2">rdacarrier</marc:subfield><marc:subfield code="0">http://rdaregistry.info/termList/RDACarrierType/1060</marc:subfield></marc:datafield><marc:datafield tag="380" ind1=" " ind2=" "><marc:subfield code="a">filmverk</marc:subfield><marc:subfield code="0">https://schema.nb.no/Bibliographic/Values/V1002</marc:subfield></marc:datafield><marc:datafield tag="500" ind1=" " ind2=" "><marc:subfield code="a">Basada en la novela de J.G. Ballard</marc:subfield></marc:datafield><marc:datafield tag="511" ind1="1" ind2=" "><marc:subfield code="a">John Malkovich, Miranda Richardson, Nigel Havers</marc:subfield></marc:datafield><marc:datafield tag="518" ind1=" " ind2=" "><marc:subfield code="a">Realizada en 1987 en Estados Unidos</marc:subfield></marc:datafield><marc:datafield tag="520" ind1="3" ind2=" "><marc:subfield code="a">Jim es un niño inglés de familia acomodada que se pierde de sus padres cuando las tropas japonesas entran en Shanghai. Pocos días después es capturado y enviado a un campo de concentración donde vivirá casi cuatro años</marc:subfield></marc:datafield><marc:datafield tag="521" ind1=" " ind2=" "><marc:subfield code="a">Todos lo públicos</marc:subfield></marc:datafield><marc:datafield tag="546" ind1=" " ind2=" "><marc:subfield code="a">Doblada en español</marc:subfield></marc:datafield><marc:datafield tag="655" ind1=" " ind2="7"><marc:subfield code="a">Cine bélico</marc:subfield><marc:subfield code="2">tgfbne</marc:subfield></marc:datafield><marc:datafield tag="655" ind1=" " ind2="7"><marc:subfield code="a">Cine histórico</marc:subfield><marc:subfield code="2">tgfbne</marc:subfield></marc:datafield><marc:datafield tag="655" ind1=" " ind2="7"><marc:subfield code="a">Dramas cinematográficos</marc:subfield><marc:subfield code="2">tgfbne</marc:subfield></marc:datafield><marc:datafield tag="700" ind1="1" ind2=" "><marc:subfield code="a">Ballard, J. G.</marc:subfield><marc:subfield code="d">1930-2009</marc:subfield><marc:subfield code="t">Empire of the sun</marc:subfield></marc:datafield><marc:datafield tag="700" ind1="1" ind2=" "><marc:subfield code="a">Daviau, Allen</marc:subfield><marc:subfield code="d">1942-2020</marc:subfield></marc:datafield><marc:datafield tag="700" ind1="1" ind2=" "><marc:subfield code="a">Havers, Nigel</marc:subfield><marc:subfield code="d">1949-</marc:subfield></marc:datafield><marc:datafield tag="700" ind1="1" ind2=" "><marc:subfield code="a">Kennedy, Kathleen</marc:subfield><marc:subfield code="d">1953-</marc:subfield></marc:datafield><marc:datafield tag="700" ind1="1" ind2=" "><marc:subfield code="a">Malkovich, John</marc:subfield><marc:subfield code="d">1953-</marc:subfield></marc:datafield><marc:datafield tag="700" ind1="1" ind2=" "><marc:subfield code="a">Marshall, Frank</marc:subfield><marc:subfield code="d">1946-</marc:subfield></marc:datafield><marc:datafield tag="700" ind1="1" ind2=" "><marc:subfield code="a">Richardson, Miranda</marc:subfield><marc:subfield code="d">1958-</marc:subfield></marc:datafield><marc:datafield tag="700" ind1="1" ind2=" "><marc:subfield code="a">Spielberg, Steven</marc:subfield><marc:subfield code="d">1946-</marc:subfield></marc:datafield><marc:datafield tag="700" ind1="1" ind2=" "><marc:subfield code="a">Stoppard, Tom</marc:subfield><marc:subfield code="d">1937-</marc:subfield></marc:datafield><marc:datafield tag="700" ind1="1" ind2=" "><marc:subfield code="a">Williams, John</marc:subfield><marc:subfield code="d">1932-</marc:subfield></marc:datafield><marc:datafield tag="776" ind1="0" ind2=" "><marc:subfield code="t">El imperio del Sol</marc:subfield><marc:subfield code="h">Grabación sonora</marc:subfield><marc:subfield code="w">biso0000772518</marc:subfield></marc:datafield></marc:record>