
<marc:record><marc:leader>00905nam a2200241 i 4500</marc:leader>
<marc:controlfield tag="001">bimo0000050346</marc:controlfield>
<marc:controlfield tag="003">SpMaBN</marc:controlfield><marc:controlfield tag="005">20200515011401.6</marc:controlfield><marc:controlfield tag="008">890714r19881984sp                  spa  </marc:controlfield><marc:datafield tag="015" ind1=" " ind2=" "><marc:subfield code="a">1989-JUN-13813</marc:subfield></marc:datafield><marc:datafield tag="016" ind1="7" ind2=" "><marc:subfield code="a">bimoBNE19910509981</marc:subfield><marc:subfield code="z">SAB9000055856</marc:subfield><marc:subfield code="2">SpMaBN</marc:subfield></marc:datafield><marc:datafield tag="017" ind1=" " ind2=" "><marc:subfield code="a">B 3519-1988</marc:subfield><marc:subfield code="b">Oficina Depósito Legal Barcelona</marc:subfield></marc:datafield><marc:datafield tag="020" ind1=" " ind2=" "><marc:subfield code="a">84-450-7076-2</marc:subfield></marc:datafield><marc:datafield tag="040" ind1=" " ind2=" "><marc:subfield code="a">SpMaBN</marc:subfield><marc:subfield code="b">spa</marc:subfield><marc:subfield code="c">SpMaBN</marc:subfield><marc:subfield code="e">rdc</marc:subfield></marc:datafield><marc:datafield tag="080" ind1=" " ind2=" "><marc:subfield code="a">820-31&quot;19&quot;</marc:subfield></marc:datafield><marc:datafield tag="100" ind1="1" ind2=" "><marc:subfield code="a">Ballard, J. G.</marc:subfield><marc:subfield code="d">1930-2009</marc:subfield><marc:subfield code="0">XX1721261</marc:subfield><marc:subfield code="1">http://viaf.org/viaf/9842556</marc:subfield><marc:subfield code="4">http://rdaregistry.info/Elements/w/object/P10061</marc:subfield></marc:datafield><marc:datafield tag="240" ind1="1" ind2="0"><marc:subfield code="a">Empire of the sun</marc:subfield><marc:subfield code="l">Español</marc:subfield><marc:subfield code="1">http://viaf.org/viaf/180997771</marc:subfield></marc:datafield><marc:datafield tag="245" ind1="1" ind2="3"><marc:subfield code="a">El imperio del sol</marc:subfield><marc:subfield code="h">[Texto impreso]</marc:subfield><marc:subfield code="c">J.G. Ballard ; [traducción de Carlos Peralta]</marc:subfield></marc:datafield><marc:datafield tag="250" ind1=" " ind2=" "><marc:subfield code="a">[1ª ed.]</marc:subfield></marc:datafield><marc:datafield tag="260" ind1=" " ind2=" "><marc:subfield code="a">Barcelona</marc:subfield><marc:subfield code="b">Minotauro</marc:subfield><marc:subfield code="c">1984</marc:subfield><marc:subfield code="g">1988</marc:subfield></marc:datafield><marc:datafield tag="300" ind1=" " ind2=" "><marc:subfield code="a">352 p.</marc:subfield><marc:subfield code="c">21 cm</marc:subfield></marc:datafield><marc:datafield tag="500" ind1=" " ind2=" "><marc:subfield code="a">Traducción de: Empire of the sun</marc:subfield></marc:datafield><marc:datafield tag="700" ind1="1" ind2=" "><marc:subfield code="a">Peralta, Carlos</marc:subfield><marc:subfield code="4">trl</marc:subfield></marc:datafield></marc:record>