
<marc:record><marc:leader>02824ngm a2200493 c 4500</marc:leader>
<marc:controlfield tag="001">a6295576</marc:controlfield>
<marc:controlfield tag="003">SpMaBN</marc:controlfield><marc:controlfield tag="005">20200418003215.7</marc:controlfield><marc:controlfield tag="007">vd*csaizz</marc:controlfield><marc:controlfield tag="008">180814s1987    sp 152 g          vlmul  </marc:controlfield><marc:datafield tag="040" ind1=" " ind2=" "><marc:subfield code="a">SpMaBN</marc:subfield><marc:subfield code="b">spa</marc:subfield><marc:subfield code="c">SpMaBN</marc:subfield><marc:subfield code="e">rdc</marc:subfield></marc:datafield><marc:datafield tag="041" ind1="1" ind2=" "><marc:subfield code="a">spa</marc:subfield><marc:subfield code="a">eng</marc:subfield><marc:subfield code="a">fre</marc:subfield><marc:subfield code="a">ger</marc:subfield><marc:subfield code="a">ita</marc:subfield><marc:subfield code="a">por</marc:subfield><marc:subfield code="j">mul</marc:subfield><marc:subfield code="h">eng</marc:subfield></marc:datafield><marc:datafield tag="084" ind1=" " ind2=" "><marc:subfield code="a">1</marc:subfield><marc:subfield code="2">VD</marc:subfield></marc:datafield><marc:datafield tag="130" ind1="1" ind2="0"><marc:subfield code="a">Empire of the sun</marc:subfield><marc:subfield code="1">http://viaf.org/viaf/293611582</marc:subfield></marc:datafield><marc:datafield tag="245" ind1="1" ind2="0"><marc:subfield code="a">Empire of the Sun</marc:subfield><marc:subfield code="c">directed by Steven Spielberg ; produced by Steven Spielberg, Kathleen Kennedy, Frank Marshall ; screenplay by Tom Stoppard ; director of photography, Allen Daviau ; music by John Williams</marc:subfield></marc:datafield><marc:datafield tag="250" ind1=" " ind2=" "><marc:subfield code="a">Ed. para venta y o alquiler</marc:subfield></marc:datafield><marc:datafield tag="260" ind1=" " ind2=" "><marc:subfield code="a">[Madrid]</marc:subfield><marc:subfield code="b">Warner Bros Pictures</marc:subfield><marc:subfield code="c">cop. 1987</marc:subfield><marc:subfield code="e">1 estuche de metal</marc:subfield></marc:datafield><marc:datafield tag="300" ind1=" " ind2=" "><marc:subfield code="a">1 Blu-ray (ca. 152 min)</marc:subfield><marc:subfield code="b">son., col.</marc:subfield></marc:datafield><marc:datafield tag="336" ind1=" " ind2=" "><marc:subfield code="a">Imagen (en movimiento ; bidimensional)</marc:subfield><marc:subfield code="2">isbdcontent</marc:subfield></marc:datafield><marc:datafield tag="337" ind1=" " ind2=" "><marc:subfield code="a">vídeo</marc:subfield><marc:subfield code="2">isbdmedia</marc:subfield></marc:datafield><marc:datafield tag="336" ind1=" " ind2=" "><marc:subfield code="a">todimensjonalt levende bilde</marc:subfield><marc:subfield code="2">rdacontent</marc:subfield><marc:subfield code="0">http://rdaregistry.info/termList/RDAContentType/1023</marc:subfield></marc:datafield><marc:datafield tag="337" ind1=" " ind2=" "><marc:subfield code="a">video</marc:subfield><marc:subfield code="2">rdamedia</marc:subfield><marc:subfield code="0">http://rdaregistry.info/termList/RDAMediaType/1008</marc:subfield></marc:datafield><marc:datafield tag="338" ind1=" " ind2=" "><marc:subfield code="a">videoplate</marc:subfield><marc:subfield code="2">rdacarrier</marc:subfield><marc:subfield code="0">http://rdaregistry.info/termList/RDACarrierType/1060</marc:subfield></marc:datafield><marc:datafield tag="380" ind1=" " ind2=" "><marc:subfield code="a">filmverk</marc:subfield><marc:subfield code="0">https://schema.nb.no/Bibliographic/Values/V1002</marc:subfield></marc:datafield><marc:datafield tag="500" ind1=" " ind2=" "><marc:subfield code="a">Basada en la novela de J.G. Ballard</marc:subfield></marc:datafield><marc:datafield tag="500" ind1=" " ind2=" "><marc:subfield code="a">Incluye contenido extra</marc:subfield></marc:datafield><marc:datafield tag="511" ind1="1" ind2=" "><marc:subfield code="a">Christian Bale, John Malkovich, Miranda Richardson, Nigel Havers</marc:subfield></marc:datafield><marc:datafield tag="518" ind1=" " ind2=" "><marc:subfield code="a">Largometraje realizado en 1987 en Estados Unidos</marc:subfield></marc:datafield><marc:datafield tag="520" ind1="3" ind2=" "><marc:subfield code="a">Cuando, en diciembre de 1941, el ejército japonés ocupa Shanghai, la privilegiada vida de James Graham, un niño inglés de clase alta, toca a su fin. Es separado de sus padres y confinado en un campo de concentración próximo a un aeropuerto militar chino</marc:subfield></marc:datafield><marc:datafield tag="521" ind1="1" ind2=" "><marc:subfield code="a">Autorizada para todos los públicos</marc:subfield></marc:datafield><marc:datafield tag="546" ind1=" " ind2=" "><marc:subfield code="a">Versiones en español, inglés, francés, alemán, italiano y portugués, con subtítulos opcionales en inglés para sordos, alemán, español, francés, italiano, holandés, portugués, chino, suomi, suenska, danés y noruego</marc:subfield></marc:datafield><marc:datafield tag="586" ind1=" " ind2=" "><marc:subfield code="a">Entre otros premios: BAFTA Awards (1989), ASC Award (1988), Kansas City Film Critics Circle Awards (1987)</marc:subfield></marc:datafield><marc:datafield tag="655" ind1=" " ind2="7"><marc:subfield code="a">Cine histórico </marc:subfield><marc:subfield code="2">tgfbne</marc:subfield></marc:datafield><marc:datafield tag="655" ind1=" " ind2="7"><marc:subfield code="a">Dramas cinematográficos</marc:subfield><marc:subfield code="2">tgfbne</marc:subfield></marc:datafield><marc:datafield tag="700" ind1="1" ind2=" "><marc:subfield code="a">Ballard, J. G.</marc:subfield><marc:subfield code="d">1930-2009</marc:subfield><marc:subfield code="e">idea original</marc:subfield><marc:subfield code="4">ccp</marc:subfield></marc:datafield><marc:datafield tag="700" ind1="1" ind2=" "><marc:subfield code="a">Daviau, Allen</marc:subfield><marc:subfield code="d">1942-2020</marc:subfield><marc:subfield code="e">director de fotografía</marc:subfield><marc:subfield code="4">cng</marc:subfield></marc:datafield><marc:datafield tag="700" ind1="1" ind2=" "><marc:subfield code="a">Kennedy, Kathleen</marc:subfield><marc:subfield code="d">1953-</marc:subfield><marc:subfield code="e">productor</marc:subfield><marc:subfield code="4">pro</marc:subfield></marc:datafield><marc:datafield tag="700" ind1="1" ind2=" "><marc:subfield code="a">Marshall, Frank</marc:subfield><marc:subfield code="d">1946-</marc:subfield><marc:subfield code="e">productor</marc:subfield><marc:subfield code="4">pro</marc:subfield></marc:datafield><marc:datafield tag="700" ind1="1" ind2=" "><marc:subfield code="a">Spielberg, Steven</marc:subfield><marc:subfield code="d">1946-</marc:subfield><marc:subfield code="e">director de cine</marc:subfield><marc:subfield code="e">productor</marc:subfield><marc:subfield code="4">fmd </marc:subfield><marc:subfield code="4">pro</marc:subfield></marc:datafield><marc:datafield tag="700" ind1="1" ind2=" "><marc:subfield code="a">Stoppard, Tom</marc:subfield><marc:subfield code="d">1937-</marc:subfield><marc:subfield code="e">guionista</marc:subfield><marc:subfield code="4">aus</marc:subfield></marc:datafield><marc:datafield tag="700" ind1="1" ind2=" "><marc:subfield code="a">Williams, John</marc:subfield><marc:subfield code="d">1932-</marc:subfield><marc:subfield code="e">compositor</marc:subfield><marc:subfield code="4">cmp</marc:subfield></marc:datafield><marc:datafield tag="711" ind1="2" ind2=" "><marc:subfield code="a">ASC Award</marc:subfield><marc:subfield code="n">3º</marc:subfield><marc:subfield code="d">1988</marc:subfield></marc:datafield><marc:datafield tag="711" ind1="2" ind2=" "><marc:subfield code="a">BAFTA Awards</marc:subfield><marc:subfield code="d">1989</marc:subfield><marc:subfield code="c">Gran Bretaña</marc:subfield></marc:datafield><marc:datafield tag="711" ind1="2" ind2=" "><marc:subfield code="a">Kansas City Film Critics Circle Awards</marc:subfield><marc:subfield code="n">21º</marc:subfield><marc:subfield code="d">1987</marc:subfield></marc:datafield></marc:record>