
<marc:record><marc:leader>01142nam a2200277 i 4500</marc:leader>
<marc:controlfield tag="001">bimo0000013497</marc:controlfield>
<marc:controlfield tag="003">SpMaBN</marc:controlfield><marc:controlfield tag="005">20121126091907.2</marc:controlfield><marc:controlfield tag="008">880329s1986    sp                  spa  </marc:controlfield><marc:datafield tag="015" ind1=" " ind2=" "><marc:subfield code="a">1988-JUN-10290</marc:subfield></marc:datafield><marc:datafield tag="016" ind1="7" ind2=" "><marc:subfield code="a">bimoBNE19910136404</marc:subfield><marc:subfield code="z">SAB9000015758</marc:subfield><marc:subfield code="2">SpMaBN</marc:subfield></marc:datafield><marc:datafield tag="017" ind1=" " ind2=" "><marc:subfield code="a">B 21450-1986</marc:subfield><marc:subfield code="b">Oficina Depósito Legal Barcelona</marc:subfield></marc:datafield><marc:datafield tag="020" ind1=" " ind2=" "><marc:subfield code="a">84-7634-664-6</marc:subfield></marc:datafield><marc:datafield tag="040" ind1=" " ind2=" "><marc:subfield code="a">SpMaBN</marc:subfield><marc:subfield code="b">spa</marc:subfield><marc:subfield code="c">SpMaBN</marc:subfield><marc:subfield code="e">rdc</marc:subfield></marc:datafield><marc:datafield tag="080" ind1=" " ind2=" "><marc:subfield code="a">820-32&quot;19&quot;</marc:subfield></marc:datafield><marc:datafield tag="130" ind1="0" ind2=" "><marc:subfield code="a">Inner landscape</marc:subfield><marc:subfield code="l">Español</marc:subfield></marc:datafield><marc:datafield tag="245" ind1="1" ind2="3"><marc:subfield code="a">El paisaje interior</marc:subfield><marc:subfield code="h">[Texto impreso]</marc:subfield><marc:subfield code="c">Mervyn Peake, J.G. Ballard, Brian W. Aldiss ; [traducción, Marta Muñiz Moreno]</marc:subfield></marc:datafield><marc:datafield tag="260" ind1=" " ind2=" "><marc:subfield code="a">Barcelona</marc:subfield><marc:subfield code="b">Orbis</marc:subfield><marc:subfield code="c">D.L. 1986</marc:subfield></marc:datafield><marc:datafield tag="300" ind1=" " ind2=" "><marc:subfield code="a">160 p.</marc:subfield><marc:subfield code="c">20 cm</marc:subfield></marc:datafield><marc:datafield tag="440" ind1=" " ind2="0"><marc:subfield code="a">Biblioteca de ciencia ficción</marc:subfield><marc:subfield code="v">71</marc:subfield></marc:datafield><marc:datafield tag="500" ind1=" " ind2=" "><marc:subfield code="a">Traducción de: The inner landscape</marc:subfield></marc:datafield><marc:datafield tag="505" ind1="0" ind2=" "><marc:subfield code="a">Niño en tinieblas / Mervyn Peake. Las voces del tiempo / J.G. Ballard. Peligro, ¡Religión! / Brian W. Aldiss</marc:subfield></marc:datafield><marc:datafield tag="700" ind1="1" ind2=" "><marc:subfield code="a">Aldiss, Brian W.</marc:subfield><marc:subfield code="d">1925-</marc:subfield><marc:subfield code="t">Danger, Religion!</marc:subfield><marc:subfield code="l">Español</marc:subfield></marc:datafield><marc:datafield tag="700" ind1="1" ind2=" "><marc:subfield code="a">Ballard, J. G.</marc:subfield><marc:subfield code="d">1930-2009</marc:subfield><marc:subfield code="t">The voices of time</marc:subfield><marc:subfield code="l">Español</marc:subfield></marc:datafield><marc:datafield tag="700" ind1="1" ind2=" "><marc:subfield code="a">Muñiz Moreno, Marta</marc:subfield></marc:datafield><marc:datafield tag="700" ind1="1" ind2=" "><marc:subfield code="a">Peake, Mervyn Laurence</marc:subfield><marc:subfield code="d">1911-1968</marc:subfield><marc:subfield code="t">Boy in darkness</marc:subfield><marc:subfield code="l">Español</marc:subfield></marc:datafield></marc:record>