
<marc:record><marc:leader>01875njm a2200385 c 4500</marc:leader>
<marc:controlfield tag="001">a7071363</marc:controlfield>
<marc:controlfield tag="003">SpMaBN</marc:controlfield><marc:controlfield tag="005">20220321130636.2</marc:controlfield><marc:controlfield tag="007">sd*cmmcnnmplne</marc:controlfield><marc:controlfield tag="008">220309s1966    sp ppn              eng  </marc:controlfield><marc:datafield tag="015" ind1=" " ind2=" "><marc:subfield code="a">SON66</marc:subfield></marc:datafield><marc:datafield tag="017" ind1=" " ind2=" "><marc:subfield code="a">M 3882-1966</marc:subfield><marc:subfield code="b">Oficina Depósito Legal Madrid</marc:subfield></marc:datafield><marc:datafield tag="028" ind1="0" ind2="0"><marc:subfield code="a">460 959 TE</marc:subfield><marc:subfield code="b">Fontana</marc:subfield></marc:datafield><marc:datafield tag="040" ind1=" " ind2=" "><marc:subfield code="a">SpMaBN</marc:subfield><marc:subfield code="b">spa</marc:subfield><marc:subfield code="c">SpMaBN</marc:subfield><marc:subfield code="e">rda</marc:subfield></marc:datafield><marc:datafield tag="245" ind1="0" ind2="0"><marc:subfield code="a">Tu me hiciste lo que soy hoy día =</marc:subfield><marc:subfield code="b">You made me what I am today</marc:subfield><marc:subfield code="c">Mitch Murray, Robin Conrad. Fue fácil buscarla = It was easier to hunt her / J. Ragavoy, B. Rusell. Tal como lo hice = I like I did / G. Ellis. Necesita amor = She needs love / Clint Ballard, Jr.</marc:subfield></marc:datafield><marc:datafield tag="246" ind1="3" ind2="1"><marc:subfield code="a">You made me what I am today</marc:subfield></marc:datafield><marc:datafield tag="264" ind1=" " ind2="1"><marc:subfield code="a">[Madrid]</marc:subfield><marc:subfield code="b">Fontana,</marc:subfield><marc:subfield code="c">[1966]</marc:subfield></marc:datafield><marc:datafield tag="264" ind1=" " ind2="2"><marc:subfield code="a">[Madrid]</marc:subfield><marc:subfield code="b">fabric. y distribuido por Fonogram, S.A.,</marc:subfield><marc:subfield code="c">[1966]</marc:subfield></marc:datafield><marc:datafield tag="300" ind1=" " ind2=" "><marc:subfield code="a">1 disco sonoro</marc:subfield><marc:subfield code="c">18 cm</marc:subfield></marc:datafield><marc:datafield tag="336" ind1=" " ind2=" "><marc:subfield code="a">Música interpretada</marc:subfield><marc:subfield code="2">rdacontent</marc:subfield></marc:datafield><marc:datafield tag="337" ind1=" " ind2=" "><marc:subfield code="a">audio</marc:subfield><marc:subfield code="2">rdamedia</marc:subfield></marc:datafield><marc:datafield tag="338" ind1=" " ind2=" "><marc:subfield code="a">disco sonoro</marc:subfield><marc:subfield code="2">rdacarrier</marc:subfield></marc:datafield><marc:datafield tag="344" ind1=" " ind2=" "><marc:subfield code="a">analógico</marc:subfield><marc:subfield code="c">45 rpm</marc:subfield><marc:subfield code="d">microsurco</marc:subfield><marc:subfield code="g">mono</marc:subfield></marc:datafield><marc:datafield tag="500" ind1=" " ind2=" "><marc:subfield code="a">Carpeta con publicidad de las grabaciones recientes de Fontana</marc:subfield></marc:datafield><marc:datafield tag="500" ind1=" " ind2=" "><marc:subfield code="a">G. Ellis es un apodo de Wayne Fontana</marc:subfield></marc:datafield><marc:datafield tag="511" ind1="1" ind2=" "><marc:subfield code="a">Wayne Fontana con acompañamiento dirigido por Les Reed (cara A) -- Wayne Fontana con The Mindbenders (cara B)</marc:subfield></marc:datafield><marc:datafield tag="655" ind1=" " ind2="7"><marc:subfield code="a">Pop (Música)</marc:subfield><marc:subfield code="2">tgfbne</marc:subfield></marc:datafield><marc:datafield tag="700" ind1="1" ind2=" "><marc:subfield code="a">Ballard, Clint,</marc:subfield><marc:subfield code="c">Jr.</marc:subfield><marc:subfield code="d">1931−2008</marc:subfield><marc:subfield code="e">compositor</marc:subfield><marc:subfield code="e">letrista</marc:subfield><marc:subfield code="4">cmp </marc:subfield><marc:subfield code="4">lyr</marc:subfield></marc:datafield><marc:datafield tag="700" ind1="1" ind2=" "><marc:subfield code="a">Callander, Peter</marc:subfield><marc:subfield code="d">1939-2014</marc:subfield><marc:subfield code="e">compositor</marc:subfield><marc:subfield code="e">letrista</marc:subfield><marc:subfield code="4">cmp </marc:subfield><marc:subfield code="4">lyr</marc:subfield></marc:datafield><marc:datafield tag="700" ind1="1" ind2=" "><marc:subfield code="a">Fontana, Wayne</marc:subfield><marc:subfield code="d">1945-</marc:subfield><marc:subfield code="e">compositor</marc:subfield><marc:subfield code="e">letrista</marc:subfield><marc:subfield code="e">cantante</marc:subfield><marc:subfield code="4">cmp </marc:subfield><marc:subfield code="4">lyr </marc:subfield><marc:subfield code="4">sng</marc:subfield></marc:datafield><marc:datafield tag="700" ind1="1" ind2=" "><marc:subfield code="a">Murray, Mitch</marc:subfield><marc:subfield code="d">1940-</marc:subfield><marc:subfield code="e">compositor</marc:subfield><marc:subfield code="e">letrista</marc:subfield><marc:subfield code="4">cmp </marc:subfield><marc:subfield code="4">lyr</marc:subfield></marc:datafield><marc:datafield tag="700" ind1="1" ind2=" "><marc:subfield code="a">Ragavoy, Jerry</marc:subfield><marc:subfield code="d">1930-2011</marc:subfield><marc:subfield code="e">compositor</marc:subfield><marc:subfield code="e">letrista</marc:subfield><marc:subfield code="4">cmp </marc:subfield><marc:subfield code="4">lyr</marc:subfield></marc:datafield><marc:datafield tag="700" ind1="1" ind2=" "><marc:subfield code="a">Reed, Les</marc:subfield><marc:subfield code="d">1935-2019</marc:subfield><marc:subfield code="e">director</marc:subfield><marc:subfield code="4">cnd</marc:subfield></marc:datafield><marc:datafield tag="700" ind1="1" ind2=" "><marc:subfield code="a">Russell, Bertrand</marc:subfield><marc:subfield code="d">1872-1970</marc:subfield><marc:subfield code="e">compositor</marc:subfield><marc:subfield code="e">letrista</marc:subfield><marc:subfield code="4">cmp </marc:subfield><marc:subfield code="4">lyr</marc:subfield></marc:datafield><marc:datafield tag="710" ind1="2" ind2=" "><marc:subfield code="a">The Mindbenders (Grupo musical)</marc:subfield><marc:subfield code="e">intérprete</marc:subfield><marc:subfield code="4">prf</marc:subfield></marc:datafield></marc:record>