
<marc:record><marc:leader>00781nam a22001931  4500</marc:leader>
<marc:controlfield tag="001">bimo0000762758</marc:controlfield>
<marc:controlfield tag="003">SpMaBN</marc:controlfield><marc:controlfield tag="005">20201231005254.5</marc:controlfield><marc:controlfield tag="008">900725s1974    fr                  fre  </marc:controlfield><marc:datafield tag="016" ind1="7" ind2=" "><marc:subfield code="a">bimoBNE19972461058</marc:subfield><marc:subfield code="z">IND9100214473</marc:subfield><marc:subfield code="2">SpMaBN</marc:subfield></marc:datafield><marc:datafield tag="040" ind1=" " ind2=" "><marc:subfield code="a">SpMaBN</marc:subfield><marc:subfield code="b">spa</marc:subfield><marc:subfield code="c">A2</marc:subfield></marc:datafield><marc:datafield tag="080" ind1=" " ind2=" "><marc:subfield code="a">75 Dalí, Salvador(084)</marc:subfield></marc:datafield><marc:datafield tag="100" ind1="1" ind2=" "><marc:subfield code="a">Dalí, Salvador</marc:subfield><marc:subfield code="d">1904-1989</marc:subfield><marc:subfield code="0">XX895429</marc:subfield><marc:subfield code="1">http://viaf.org/viaf/64004109</marc:subfield><marc:subfield code="4">http://rdaregistry.info/Elements/w/object/P10058</marc:subfield></marc:datafield><marc:datafield tag="240" ind1=" " ind2=" "><marc:subfield code="a">Dalí</marc:subfield><marc:subfield code="1">http://viaf.org/viaf/316306426</marc:subfield></marc:datafield><marc:datafield tag="245" ind1="1" ind2="0"><marc:subfield code="a">Dalí</marc:subfield><marc:subfield code="h">[Texto impreso]</marc:subfield><marc:subfield code="c">Avec une introduction de J.G. Ballard... conçu et présenté par David Larkin</marc:subfield></marc:datafield><marc:datafield tag="260" ind1=" " ind2=" "><marc:subfield code="a">[Paris]</marc:subfield><marc:subfield code="b">Chêne</marc:subfield><marc:subfield code="c">[1974]</marc:subfield></marc:datafield><marc:datafield tag="300" ind1=" " ind2=" "><marc:subfield code="a">7 h., 40 lám. col.</marc:subfield><marc:subfield code="c">30 cm</marc:subfield></marc:datafield><marc:datafield tag="700" ind1="1" ind2=" "><marc:subfield code="a">Ballard, J. G.</marc:subfield><marc:subfield code="d">1930-2009</marc:subfield><marc:subfield code="4">aui</marc:subfield><marc:subfield code="1">http://viaf.org/viaf/9842556</marc:subfield></marc:datafield><marc:datafield tag="700" ind1="1" ind2=" "><marc:subfield code="a">Larkin, David</marc:subfield></marc:datafield></marc:record>