
<marc:record><marc:leader>00725nam a22001931  4500</marc:leader>
<marc:controlfield tag="001">bimo0000640521</marc:controlfield>
<marc:controlfield tag="003">SpMaBN</marc:controlfield><marc:controlfield tag="005">20200515013706.6</marc:controlfield><marc:controlfield tag="008">900725s1966    sp                  spa  </marc:controlfield><marc:datafield tag="016" ind1="7" ind2=" "><marc:subfield code="a">bimoBNE19971201701</marc:subfield><marc:subfield code="z">IND9100057258</marc:subfield><marc:subfield code="2">SpMaBN</marc:subfield></marc:datafield><marc:datafield tag="017" ind1=" " ind2=" "><marc:subfield code="a">B 37414-1966</marc:subfield><marc:subfield code="b">Oficina Depósito Legal Barcelona</marc:subfield></marc:datafield><marc:datafield tag="040" ind1=" " ind2=" "><marc:subfield code="a">SpMaBN</marc:subfield><marc:subfield code="b">spa</marc:subfield><marc:subfield code="c">A2</marc:subfield></marc:datafield><marc:datafield tag="080" ind1=" " ind2=" "><marc:subfield code="a">82-312.9&quot;19&quot;</marc:subfield></marc:datafield><marc:datafield tag="100" ind1="1" ind2=" "><marc:subfield code="a">Ballard, J. G.</marc:subfield><marc:subfield code="d">1930-2009</marc:subfield><marc:subfield code="0">XX1721261</marc:subfield><marc:subfield code="1">http://viaf.org/viaf/9842556</marc:subfield><marc:subfield code="4">http://rdaregistry.info/Elements/w/object/P10061</marc:subfield></marc:datafield><marc:datafield tag="245" ind1="1" ind2="3"><marc:subfield code="a">El huracán cósmico</marc:subfield><marc:subfield code="h">[Texto impreso]</marc:subfield><marc:subfield code="c">Traducción de Francisco Cazorla Olmo</marc:subfield></marc:datafield><marc:datafield tag="260" ind1=" " ind2=" "><marc:subfield code="a">Barcelona [etc.]</marc:subfield><marc:subfield code="b">Edhasa</marc:subfield><marc:subfield code="c">1966</marc:subfield></marc:datafield><marc:datafield tag="300" ind1=" " ind2=" "><marc:subfield code="a">238 p.</marc:subfield><marc:subfield code="c">17 cm</marc:subfield></marc:datafield><marc:datafield tag="490" ind1="0" ind2=" "><marc:subfield code="a">Colección &quot;Nebulas&quot;</marc:subfield><marc:subfield code="v">v. 125</marc:subfield></marc:datafield><marc:datafield tag="700" ind1="1" ind2=" "><marc:subfield code="a">Cazorla Olmo, Francisco</marc:subfield></marc:datafield></marc:record>