
<marc:record><marc:leader>00558nam a22001691  4500</marc:leader>
<marc:controlfield tag="001">010670475</marc:controlfield>
<marc:controlfield tag="003">UkOxU</marc:controlfield><marc:controlfield tag="005">19960517133832.0</marc:controlfield><marc:controlfield tag="008">921109s1964    enk           000 1 eng d</marc:controlfield><marc:datafield tag="015" ind1=" " ind2=" "><marc:subfield code="a">GB 84-21441</marc:subfield></marc:datafield><marc:datafield tag="020" ind1=" " ind2=" "><marc:subfield code="a">0575035145</marc:subfield></marc:datafield><marc:datafield tag="092" ind1=" " ind2=" "><marc:subfield code="a">D0500761219</marc:subfield></marc:datafield><marc:datafield tag="100" ind1="1" ind2=" "><marc:subfield code="a">Ballard, J. G.,</marc:subfield><marc:subfield code="d">1930-2009.</marc:subfield><marc:subfield code="1">http://viaf.org/viaf/9842556</marc:subfield><marc:subfield code="4">http://rdaregistry.info/Elements/w/object/P10061</marc:subfield></marc:datafield><marc:datafield tag="240" ind1="1" ind2="0"><marc:subfield code="a">The terminal beach</marc:subfield><marc:subfield code="1">http://www.wikidata.org/entity/Q7768486</marc:subfield></marc:datafield><marc:datafield tag="245" ind1="1" ind2="4"><marc:subfield code="a">The terminal beach /</marc:subfield><marc:subfield code="c">by J.G. Ballard</marc:subfield></marc:datafield><marc:datafield tag="260" ind1=" " ind2=" "><marc:subfield code="a">London :</marc:subfield><marc:subfield code="b">Gollancz,</marc:subfield><marc:subfield code="c">1964</marc:subfield></marc:datafield><marc:datafield tag="300" ind1=" " ind2=" "><marc:subfield code="a">220 p ;</marc:subfield><marc:subfield code="c">22 cm</marc:subfield></marc:datafield></marc:record>