
<marc:record><marc:leader>00688nam a2200193 a 4500</marc:leader>
<marc:controlfield tag="001">011051836</marc:controlfield>
<marc:controlfield tag="003">UkOxU</marc:controlfield><marc:controlfield tag="005">19960529224831.0</marc:controlfield><marc:controlfield tag="008">940617r19921976enk           000 1 eng d</marc:controlfield><marc:datafield tag="015" ind1=" " ind2=" "><marc:subfield code="a">GB 94-50276</marc:subfield></marc:datafield><marc:datafield tag="020" ind1=" " ind2=" "><marc:subfield code="a">0586045031</marc:subfield></marc:datafield><marc:datafield tag="082" ind1=" " ind2=" "><marc:subfield code="a">823.914</marc:subfield><marc:subfield code="d">F</marc:subfield><marc:subfield code="2">20</marc:subfield></marc:datafield><marc:datafield tag="092" ind1=" " ind2=" "><marc:subfield code="a">D0501867312</marc:subfield></marc:datafield><marc:datafield tag="100" ind1="1" ind2=" "><marc:subfield code="a">Ballard, J. G.,</marc:subfield><marc:subfield code="d">1930-2009.</marc:subfield><marc:subfield code="1">http://viaf.org/viaf/9842556</marc:subfield><marc:subfield code="4">http://rdaregistry.info/Elements/w/object/P10061</marc:subfield></marc:datafield><marc:datafield tag="240" ind1="1" ind2="0"><marc:subfield code="a">Low-flying aircraft, and other stories</marc:subfield><marc:subfield code="1">http://www.wikidata.org/entity/Q6692707</marc:subfield></marc:datafield><marc:datafield tag="245" ind1="1" ind2="0"><marc:subfield code="a">Low-flying aircraft and other stories /</marc:subfield><marc:subfield code="c">J.G. Ballard</marc:subfield></marc:datafield><marc:datafield tag="260" ind1=" " ind2=" "><marc:subfield code="a">London :</marc:subfield><marc:subfield code="b">Flamingo,</marc:subfield><marc:subfield code="c">1992</marc:subfield></marc:datafield><marc:datafield tag="300" ind1=" " ind2=" "><marc:subfield code="a">190 p</marc:subfield></marc:datafield><marc:datafield tag="500" ind1=" " ind2=" "><marc:subfield code="a">First published in Great Britain by Jonathan Cape, 1976</marc:subfield></marc:datafield></marc:record>