
<marc:record><marc:leader>00809nam a22002172i 4500</marc:leader>
<marc:controlfield tag="001">011494288</marc:controlfield>
<marc:controlfield tag="003">UkOxU</marc:controlfield><marc:controlfield tag="005">19960605145638.0</marc:controlfield><marc:controlfield tag="008">500101s1974    enka          000 0 eng d</marc:controlfield><marc:datafield tag="020" ind1=" " ind2=" "><marc:subfield code="a">0330239147</marc:subfield></marc:datafield><marc:datafield tag="040" ind1=" " ind2=" "><marc:subfield code="a">IAS</marc:subfield><marc:subfield code="c">IAS</marc:subfield><marc:subfield code="d">EQO</marc:subfield></marc:datafield><marc:datafield tag="090" ind1=" " ind2=" "><marc:subfield code="a">ND813.D3</marc:subfield><marc:subfield code="b">L34 1974</marc:subfield></marc:datafield><marc:datafield tag="092" ind1=" " ind2=" "><marc:subfield code="a">D0502910684</marc:subfield></marc:datafield><marc:datafield tag="100" ind1="1" ind2=" "><marc:subfield code="a">Dalí, Salvador,</marc:subfield><marc:subfield code="d">1904-1989.</marc:subfield><marc:subfield code="1">http://viaf.org/viaf/64004109</marc:subfield><marc:subfield code="4">http://rdaregistry.info/Elements/w/object/P10058</marc:subfield></marc:datafield><marc:datafield tag="240" ind1=" " ind2=" "><marc:subfield code="a">Dalí</marc:subfield><marc:subfield code="1">http://viaf.org/viaf/316306426</marc:subfield></marc:datafield><marc:datafield tag="245" ind1="1" ind2="0"><marc:subfield code="a">Dalí /</marc:subfield><marc:subfield code="c">with an introd. by J. G. Ballard ; edited by David Larkin</marc:subfield></marc:datafield><marc:datafield tag="260" ind1=" " ind2=" "><marc:subfield code="a">Pan Books :</marc:subfield><marc:subfield code="b">London,</marc:subfield><marc:subfield code="c">1974</marc:subfield></marc:datafield><marc:datafield tag="300" ind1=" " ind2=" "><marc:subfield code="a">[14] p., [40] leaves of plates :</marc:subfield><marc:subfield code="b">chiefly col. ill. ;</marc:subfield><marc:subfield code="c">30 cm</marc:subfield></marc:datafield><marc:datafield tag="600" ind1="1" ind2="0"><marc:subfield code="a">Dalí, Salvador,</marc:subfield><marc:subfield code="d">1904-1989.</marc:subfield></marc:datafield><marc:datafield tag="700" ind1="1" ind2=" "><marc:subfield code="a">Larkin, David.</marc:subfield><marc:subfield code="4">edt</marc:subfield></marc:datafield><marc:datafield tag="700" ind1="1" ind2=" "><marc:subfield code="a">Ballard, J. G.</marc:subfield><marc:subfield code="d">1930-2009</marc:subfield><marc:subfield code="4">aui</marc:subfield><marc:subfield code="1">http://viaf.org/viaf/9842556</marc:subfield></marc:datafield></marc:record>