
<marc:record><marc:leader>01001cam a22002412i 4500</marc:leader>
<marc:controlfield tag="001">011691323</marc:controlfield>
<marc:controlfield tag="003">UkOxU</marc:controlfield><marc:controlfield tag="005">19960816194324.0</marc:controlfield><marc:controlfield tag="008">500101s1976    enk           000 1 eng d</marc:controlfield><marc:datafield tag="010" ind1=" " ind2=" "><marc:subfield code="a">GB77-01841</marc:subfield></marc:datafield><marc:datafield tag="020" ind1=" " ind2=" "><marc:subfield code="a">0224013114</marc:subfield></marc:datafield><marc:datafield tag="040" ind1=" " ind2=" "><marc:subfield code="a">DLC</marc:subfield><marc:subfield code="c">DLC</marc:subfield><marc:subfield code="d">EQO</marc:subfield></marc:datafield><marc:datafield tag="050" ind1=" " ind2="0"><marc:subfield code="a">PR6052.A46</marc:subfield></marc:datafield><marc:datafield tag="050" ind1=" " ind2="0"><marc:subfield code="a">PZ4.B1893</marc:subfield><marc:subfield code="b">Lp</marc:subfield></marc:datafield><marc:datafield tag="082" ind1=" " ind2=" "><marc:subfield code="a">823/.9/14</marc:subfield></marc:datafield><marc:datafield tag="092" ind1=" " ind2=" "><marc:subfield code="a">D0503362974</marc:subfield></marc:datafield><marc:datafield tag="100" ind1="1" ind2=" "><marc:subfield code="a">Ballard, J. G.,</marc:subfield><marc:subfield code="d">1930-2009.</marc:subfield><marc:subfield code="1">http://viaf.org/viaf/9842556</marc:subfield><marc:subfield code="4">http://rdaregistry.info/Elements/w/object/P10061</marc:subfield></marc:datafield><marc:datafield tag="240" ind1="1" ind2="0"><marc:subfield code="a">Low-flying aircraft, and other stories</marc:subfield><marc:subfield code="1">http://www.wikidata.org/entity/Q6692707</marc:subfield></marc:datafield><marc:datafield tag="245" ind1="1" ind2="0"><marc:subfield code="a">Low-flying aircraft, and other stories /</marc:subfield><marc:subfield code="c">[by] J. G. Ballard</marc:subfield></marc:datafield><marc:datafield tag="260" ind1=" " ind2=" "><marc:subfield code="a">London :</marc:subfield><marc:subfield code="b">Cape,</marc:subfield><marc:subfield code="c">1976</marc:subfield></marc:datafield><marc:datafield tag="300" ind1=" " ind2=" "><marc:subfield code="a">191 p. ;</marc:subfield><marc:subfield code="c">21 cm</marc:subfield></marc:datafield><marc:datafield tag="505" ind1="0" ind2=" "><marc:subfield code="a">The ultimate city.--Low-flying aircraft.--The dead astronaut.--My dream of flying to Wake Island.--The life and death of God.--The greatest television show on Earth.--A place and a time to die.--The Comsat angels.--The beach murders</marc:subfield></marc:datafield><marc:datafield tag="650" ind1=" " ind2="0"><marc:subfield code="a">Science fiction, English.</marc:subfield></marc:datafield></marc:record>