
<marc:record><marc:leader>00783cam a22002292i 4500</marc:leader>
<marc:controlfield tag="001">011691325</marc:controlfield>
<marc:controlfield tag="003">UkOxU</marc:controlfield><marc:controlfield tag="005">20110705083054.0</marc:controlfield><marc:controlfield tag="008">500101s1977    enk           000 1 eng d</marc:controlfield><marc:datafield tag="020" ind1=" " ind2=" "><marc:subfield code="a">0860079430</marc:subfield></marc:datafield><marc:datafield tag="040" ind1=" " ind2=" "><marc:subfield code="a">AZU</marc:subfield><marc:subfield code="c">AZU</marc:subfield><marc:subfield code="d">EQO</marc:subfield></marc:datafield><marc:datafield tag="090" ind1=" " ind2=" "><marc:subfield code="a">PZ2001.B189</marc:subfield><marc:subfield code="b">B4</marc:subfield></marc:datafield><marc:datafield tag="092" ind1=" " ind2=" "><marc:subfield code="a">D0503362978</marc:subfield></marc:datafield><marc:datafield tag="100" ind1="1" ind2=" "><marc:subfield code="a">Ballard, J. G.,</marc:subfield><marc:subfield code="d">1930-2009.</marc:subfield><marc:subfield code="1">http://viaf.org/viaf/9842556</marc:subfield><marc:subfield code="4">http://rdaregistry.info/Elements/w/object/P10061</marc:subfield></marc:datafield><marc:datafield tag="245" ind1="1" ind2="4"><marc:subfield code="a">The best of J. G. Ballard /</marc:subfield><marc:subfield code="c">J. G. Ballard. --</marc:subfield></marc:datafield><marc:datafield tag="260" ind1=" " ind2=" "><marc:subfield code="a">London :</marc:subfield><marc:subfield code="b">Futura Publications Limited,</marc:subfield><marc:subfield code="c">1977</marc:subfield></marc:datafield><marc:datafield tag="300" ind1=" " ind2=" "><marc:subfield code="a">411 p. ;</marc:subfield><marc:subfield code="c">18 cm. --</marc:subfield></marc:datafield><marc:datafield tag="490" ind1="1" ind2=" "><marc:subfield code="a">An Orbit book</marc:subfield></marc:datafield><marc:datafield tag="500" ind1=" " ind2=" "><marc:subfield code="a">Title on cover: The best science fiction of J. G. Ballard</marc:subfield></marc:datafield><marc:datafield tag="650" ind1=" " ind2="0"><marc:subfield code="a">Science fiction, English.</marc:subfield></marc:datafield><marc:datafield tag="740" ind1="4" ind2=" "><marc:subfield code="a">The best science fiction of J. G. Ballard</marc:subfield></marc:datafield><marc:datafield tag="830" ind1=" " ind2="3"><marc:subfield code="a">An Orbit book</marc:subfield></marc:datafield></marc:record>