
<marc:record><marc:leader>00726nam a2200217 a 4500</marc:leader>
<marc:controlfield tag="001">015018891</marc:controlfield>
<marc:controlfield tag="003">UkOxU</marc:controlfield><marc:controlfield tag="005">20030930100129.0</marc:controlfield><marc:controlfield tag="008">001004s2000    enk           000 1 eng d</marc:controlfield><marc:datafield tag="015" ind1=" " ind2=" "><marc:subfield code="a">GB A0-63200</marc:subfield></marc:datafield><marc:datafield tag="020" ind1=" " ind2=" "><marc:subfield code="a">0002258471 (cased)</marc:subfield></marc:datafield><marc:datafield tag="020" ind1=" " ind2=" "><marc:subfield code="a">0007109288</marc:subfield></marc:datafield><marc:datafield tag="050" ind1="0" ind2="0"><marc:subfield code="a">PR6052.A46</marc:subfield><marc:subfield code="b">S87 2000</marc:subfield></marc:datafield><marc:datafield tag="082" ind1="0" ind2=" "><marc:subfield code="a">823.914</marc:subfield><marc:subfield code="2">21</marc:subfield></marc:datafield><marc:datafield tag="100" ind1="1" ind2=" "><marc:subfield code="a">Ballard, J. G.,</marc:subfield><marc:subfield code="d">1930-2009.</marc:subfield><marc:subfield code="1">http://viaf.org/viaf/9842556</marc:subfield><marc:subfield code="4">http://rdaregistry.info/Elements/w/object/P10061</marc:subfield></marc:datafield><marc:datafield tag="240" ind1="1" ind2="0"><marc:subfield code="a">Super-Cannes</marc:subfield><marc:subfield code="1">http://viaf.org/viaf/7243154501919339210000</marc:subfield></marc:datafield><marc:datafield tag="245" ind1="1" ind2="0"><marc:subfield code="a">Super-Cannes /</marc:subfield><marc:subfield code="c">J.G. Ballard.</marc:subfield></marc:datafield><marc:datafield tag="260" ind1=" " ind2=" "><marc:subfield code="a">London :</marc:subfield><marc:subfield code="b">Flamingo,</marc:subfield><marc:subfield code="c">2000.</marc:subfield></marc:datafield><marc:datafield tag="300" ind1=" " ind2=" "><marc:subfield code="a">391 p. ;</marc:subfield><marc:subfield code="c">23 cm.</marc:subfield></marc:datafield><marc:datafield tag="650" ind1=" " ind2="0"><marc:subfield code="a">Women physicians</marc:subfield><marc:subfield code="z">France</marc:subfield><marc:subfield code="z">Riviera</marc:subfield><marc:subfield code="v">Fiction.</marc:subfield></marc:datafield><marc:datafield tag="651" ind1=" " ind2="0"><marc:subfield code="a">Riviera (France)</marc:subfield><marc:subfield code="v">Fiction.</marc:subfield></marc:datafield></marc:record>