
<marc:record><marc:leader>02311ngm a2200445 a 4500</marc:leader>
<marc:controlfield tag="001">015626701</marc:controlfield>
<marc:controlfield tag="003">UkOxU</marc:controlfield><marc:controlfield tag="005">20060406162538.0</marc:controlfield><marc:controlfield tag="007">vd cvaizq</marc:controlfield><marc:controlfield tag="008">040111p19991996enk096 e      s   vleng d</marc:controlfield><marc:datafield tag="028" ind1="4" ind2="2"><marc:subfield code="a">CDR25095</marc:subfield><marc:subfield code="b">Columbia Tristar Home Video</marc:subfield></marc:datafield><marc:datafield tag="130" ind1="1" ind2="0"><marc:subfield code="a">Crash</marc:subfield><marc:subfield code="1">http://www.wikidata.org/entity/Q188000</marc:subfield></marc:datafield><marc:datafield tag="245" ind1="0" ind2="0"><marc:subfield code="a">Crash</marc:subfield><marc:subfield code="h">[videorecording] /</marc:subfield><marc:subfield code="c">written by David Cronenberg ; based on the book by J.G. Ballard ; produced and directed by David Cronenberg.</marc:subfield></marc:datafield><marc:datafield tag="260" ind1=" " ind2=" "><marc:subfield code="a">London :</marc:subfield><marc:subfield code="b">Columbia Tristar Home Video,</marc:subfield><marc:subfield code="c">c1999.</marc:subfield></marc:datafield><marc:datafield tag="300" ind1=" " ind2=" "><marc:subfield code="a">1 DVD (96 min.) :</marc:subfield><marc:subfield code="b">sd., col. ;</marc:subfield><marc:subfield code="c">4 3/4 in.</marc:subfield></marc:datafield><marc:datafield tag="500" ind1=" " ind2=" "><marc:subfield code="a">Anamorphic widescreen, aspect ratio 1.85:1.</marc:subfield></marc:datafield><marc:datafield tag="500" ind1=" " ind2=" "><marc:subfield code="a">Dolby Digital 2.0 Surround.</marc:subfield></marc:datafield><marc:datafield tag="500" ind1=" " ind2=" "><marc:subfield code="a">DVD video release of the film produced in 1996.</marc:subfield></marc:datafield><marc:datafield tag="500" ind1=" " ind2=" "><marc:subfield code="a">Optional language soundtrack (in Dolby Digital 5.1): Spanish.</marc:subfield></marc:datafield><marc:datafield tag="500" ind1=" " ind2=" "><marc:subfield code="a">Optional subtitles: English, Spanish.</marc:subfield></marc:datafield><marc:datafield tag="500" ind1=" " ind2=" "><marc:subfield code="a">Special features: Theatrical trailer.</marc:subfield></marc:datafield><marc:datafield tag="508" ind1=" " ind2=" "><marc:subfield code="a">Credits: Music, Howard Shore ; director of photography, Peter Suschitzky ; production designer, Carol Spier ; editor, Ronald Sanders ; costume designer, Denise Cronenberg.</marc:subfield></marc:datafield><marc:datafield tag="511" ind1="0" ind2=" "><marc:subfield code="a">Cast: James Spader, Holly Hunter, Elias Koteas, Deborah Kara Unger, Rosanna Arquette, Peter MacNeill, Yolande Julian, Cheryl Swarts.</marc:subfield></marc:datafield><marc:datafield tag="520" ind1=" " ind2=" "><marc:subfield code="a">Advertising executive James Ballard and his wife Catherine lead complex, if hollow sexual lives. However, after being involved in a near fatal car crash with Dr Helen Remington, Ballard finds himself being drawn into a provocative exploration of the connections between danger, sex and death - and, as his involvement deepens, Ballard and Catherine discover new and increasingly disturbing ways of expressing love.</marc:subfield></marc:datafield><marc:datafield tag="521" ind1=" " ind2=" "><marc:subfield code="a">UK Cert. 18.</marc:subfield></marc:datafield><marc:datafield tag="538" ind1=" " ind2=" "><marc:subfield code="a">PAL Region 2.</marc:subfield></marc:datafield><marc:datafield tag="650" ind1=" " ind2="0"><marc:subfield code="a">Feature films.</marc:subfield></marc:datafield><marc:datafield tag="700" ind1="1" ind2=" "><marc:subfield code="a">Arquette, Rosanna,</marc:subfield><marc:subfield code="d">1959-</marc:subfield></marc:datafield><marc:datafield tag="700" ind1="1" ind2=" "><marc:subfield code="a">Ballard, J. G.,</marc:subfield><marc:subfield code="d">1930-2009.</marc:subfield></marc:datafield><marc:datafield tag="700" ind1="1" ind2=" "><marc:subfield code="a">Cronenberg, David,</marc:subfield><marc:subfield code="d">1943-</marc:subfield></marc:datafield><marc:datafield tag="700" ind1="1" ind2=" "><marc:subfield code="a">Hunter, Holly,</marc:subfield><marc:subfield code="d">1958-</marc:subfield></marc:datafield><marc:datafield tag="700" ind1="1" ind2=" "><marc:subfield code="a">Julian, Yolande.</marc:subfield></marc:datafield><marc:datafield tag="700" ind1="1" ind2=" "><marc:subfield code="a">Koteas, Elias,</marc:subfield><marc:subfield code="d">1961-</marc:subfield></marc:datafield><marc:datafield tag="700" ind1="1" ind2=" "><marc:subfield code="a">MacNeill, Peter.</marc:subfield></marc:datafield><marc:datafield tag="700" ind1="1" ind2=" "><marc:subfield code="a">Shore, Howard.</marc:subfield></marc:datafield><marc:datafield tag="700" ind1="1" ind2=" "><marc:subfield code="a">Spader, James.</marc:subfield></marc:datafield><marc:datafield tag="700" ind1="1" ind2=" "><marc:subfield code="a">Suschitzky, Peter.</marc:subfield></marc:datafield><marc:datafield tag="700" ind1="1" ind2=" "><marc:subfield code="a">Swarts, Cheryl.</marc:subfield></marc:datafield><marc:datafield tag="700" ind1="1" ind2=" "><marc:subfield code="a">Unger, Deborah Kara.</marc:subfield></marc:datafield><marc:datafield tag="758" ind1=" " ind2=" "><marc:subfield code="a">Crash</marc:subfield><marc:subfield code="1">http://viaf.org/viaf/305922109</marc:subfield><marc:subfield code="4">http://rdaregistry.info/Elements/w/object/P10129</marc:subfield></marc:datafield></marc:record>