
<marc:record><marc:leader>01271cam a2200301 a 4500</marc:leader>
<marc:controlfield tag="001">015744765</marc:controlfield>
<marc:controlfield tag="003">UkOxU</marc:controlfield><marc:controlfield tag="005">20131204095120.0</marc:controlfield><marc:controlfield tag="008">040513r20041994enk           000 0deng d</marc:controlfield><marc:datafield tag="015" ind1=" " ind2=" "><marc:subfield code="a">GB A4-X2361</marc:subfield></marc:datafield><marc:datafield tag="020" ind1=" " ind2=" "><marc:subfield code="a">0099458209 (pbk.)</marc:subfield></marc:datafield><marc:datafield tag="020" ind1=" " ind2=" "><marc:subfield code="a">9780099458203 (pbk.)</marc:subfield></marc:datafield><marc:datafield tag="040" ind1=" " ind2=" "><marc:subfield code="a">BDS</marc:subfield><marc:subfield code="d">UkOxU</marc:subfield></marc:datafield><marc:datafield tag="082" ind1="0" ind2=" "><marc:subfield code="a">615.32</marc:subfield><marc:subfield code="2">22</marc:subfield></marc:datafield><marc:datafield tag="100" ind1="1" ind2=" "><marc:subfield code="a">Huxley, Aldous,</marc:subfield><marc:subfield code="d">1894-1963.</marc:subfield><marc:subfield code="1">http://viaf.org/viaf/71392434</marc:subfield><marc:subfield code="4">http://rdaregistry.info/Elements/w/object/P10061</marc:subfield></marc:datafield><marc:datafield tag="245" ind1="1" ind2="4"><marc:subfield code="a">The doors of perception ; and, Heaven and hell /</marc:subfield><marc:subfield code="c">Aldous Huxley ; with a foreword by J.G. Ballard ; and a biographical introduction by David Bradshaw.</marc:subfield></marc:datafield><marc:datafield tag="260" ind1=" " ind2=" "><marc:subfield code="a">London :</marc:subfield><marc:subfield code="b">Vintage,</marc:subfield><marc:subfield code="c">2004.</marc:subfield></marc:datafield><marc:datafield tag="300" ind1=" " ind2=" "><marc:subfield code="a">xviii, 123 p. ;</marc:subfield><marc:subfield code="c">20 cm.</marc:subfield></marc:datafield><marc:datafield tag="490" ind1="1" ind2=" "><marc:subfield code="a">Vintage classics</marc:subfield></marc:datafield><marc:datafield tag="500" ind1=" " ind2=" "><marc:subfield code="a">Originally published: London: Flamingo, 1994.</marc:subfield></marc:datafield><marc:datafield tag="650" ind1=" " ind2="0"><marc:subfield code="a">Mescaline.</marc:subfield></marc:datafield><marc:datafield tag="650" ind1=" " ind2="0"><marc:subfield code="a">Peyote.</marc:subfield></marc:datafield><marc:datafield tag="650" ind1=" " ind2="0"><marc:subfield code="a">Visions.</marc:subfield></marc:datafield><marc:datafield tag="700" ind1="1" ind2=" "><marc:subfield code="a">Ballard, J.G.</marc:subfield><marc:subfield code="d">1930-2009</marc:subfield><marc:subfield code="0">(NO-TrBIB)90199005</marc:subfield><marc:subfield code="1">http://viaf.org/viaf/9842556</marc:subfield><marc:subfield code="4">aui</marc:subfield></marc:datafield><marc:datafield tag="700" ind1="1" ind2=" "><marc:subfield code="a">Bradshaw, David</marc:subfield><marc:subfield code="0">(NO-TrBIB)90907071</marc:subfield><marc:subfield code="1">http://viaf.org/viaf/71482503</marc:subfield><marc:subfield code="4">aui</marc:subfield></marc:datafield><marc:datafield tag="700" ind1=" " ind2="2"><marc:subfield code="t">Heaven and hell</marc:subfield><marc:subfield code="a">Huxley, Aldous</marc:subfield><marc:subfield code="d">1894-1963</marc:subfield><marc:subfield code="1">http://viaf.org/viaf/177772835</marc:subfield></marc:datafield><marc:datafield tag="700" ind1=" " ind2="2"><marc:subfield code="t">The doors of perception</marc:subfield><marc:subfield code="a">Huxley, Aldous</marc:subfield><marc:subfield code="d">1894-1963</marc:subfield><marc:subfield code="1">http://viaf.org/viaf/309284854</marc:subfield></marc:datafield><marc:datafield tag="830" ind1=" " ind2="0"><marc:subfield code="a">Vintage classics (London, England)</marc:subfield></marc:datafield></marc:record>