
<marc:record><marc:leader>03588cam a2200265 a 4500</marc:leader>
<marc:controlfield tag="001">017103567</marc:controlfield>
<marc:controlfield tag="003">UkOxU</marc:controlfield><marc:controlfield tag="005">20111020123015.0</marc:controlfield><marc:controlfield tag="008">090511s2009    nyuc          000 j eng  </marc:controlfield><marc:datafield tag="010" ind1=" " ind2=" "><marc:subfield code="a">2009018456</marc:subfield></marc:datafield><marc:datafield tag="020" ind1=" " ind2=" "><marc:subfield code="a">0393072622 (hbk.)</marc:subfield></marc:datafield><marc:datafield tag="020" ind1=" " ind2=" "><marc:subfield code="a">9780393072624 (hbk.)</marc:subfield></marc:datafield><marc:datafield tag="040" ind1=" " ind2=" "><marc:subfield code="a">DLC</marc:subfield><marc:subfield code="c">DLC</marc:subfield><marc:subfield code="d">BTCTA</marc:subfield><marc:subfield code="d">XII</marc:subfield><marc:subfield code="d">WIM</marc:subfield><marc:subfield code="d">ORX</marc:subfield><marc:subfield code="d">C#P</marc:subfield><marc:subfield code="d">YDXCP</marc:subfield><marc:subfield code="d">BWX</marc:subfield></marc:datafield><marc:datafield tag="043" ind1=" " ind2=" "><marc:subfield code="a">e-uk---</marc:subfield></marc:datafield><marc:datafield tag="050" ind1="0" ind2="0"><marc:subfield code="a">PR6052.A46</marc:subfield><marc:subfield code="b">A6 2009</marc:subfield></marc:datafield><marc:datafield tag="082" ind1="0" ind2="0"><marc:subfield code="a">823/.914</marc:subfield><marc:subfield code="2">22</marc:subfield></marc:datafield><marc:datafield tag="100" ind1="1" ind2=" "><marc:subfield code="a">Ballard, J. G.,</marc:subfield><marc:subfield code="d">1930-2009.</marc:subfield><marc:subfield code="1">http://viaf.org/viaf/9842556</marc:subfield><marc:subfield code="4">http://rdaregistry.info/Elements/w/object/P10061</marc:subfield></marc:datafield><marc:datafield tag="240" ind1="1" ind2="0"><marc:subfield code="a">Short stories</marc:subfield></marc:datafield><marc:datafield tag="245" ind1="1" ind2="4"><marc:subfield code="a">The complete stories of J.G. Ballard /</marc:subfield><marc:subfield code="c">[J.G. Ballard ; introduction by Martin Amis].</marc:subfield></marc:datafield><marc:datafield tag="250" ind1=" " ind2=" "><marc:subfield code="a">1st American ed.</marc:subfield></marc:datafield><marc:datafield tag="260" ind1=" " ind2=" "><marc:subfield code="a">New York ;</marc:subfield><marc:subfield code="a">London :</marc:subfield><marc:subfield code="b">W.W. Norton,</marc:subfield><marc:subfield code="c">2009.</marc:subfield></marc:datafield><marc:datafield tag="300" ind1=" " ind2=" "><marc:subfield code="a">xv, 1199 p. :</marc:subfield><marc:subfield code="b">port. ;</marc:subfield><marc:subfield code="c">25 cm.</marc:subfield></marc:datafield><marc:datafield tag="500" ind1=" " ind2=" "><marc:subfield code="a">Previous ed. published in Great Britain as: The complete short stories. London : Flamingo, 2001.</marc:subfield></marc:datafield><marc:datafield tag="505" ind1="0" ind2="0"><marc:subfield code="t">Introduction /</marc:subfield><marc:subfield code="r">by Martin Amis --</marc:subfield><marc:subfield code="g">Author's introduction --</marc:subfield><marc:subfield code="t">Prima belladonna --</marc:subfield><marc:subfield code="t">Escapement --</marc:subfield><marc:subfield code="t">The concentration city --</marc:subfield><marc:subfield code="t">Venus smiles --</marc:subfield><marc:subfield code="t">Manhole 69 --</marc:subfield><marc:subfield code="t">Track 12 --</marc:subfield><marc:subfield code="t">The waiting grounds --</marc:subfield><marc:subfield code="t">Now : zero --</marc:subfield><marc:subfield code="t">The sound-sweep --</marc:subfield><marc:subfield code="t">Zone of terror --</marc:subfield><marc:subfield code="t">Chronopolis --</marc:subfield><marc:subfield code="t">The voices of time --</marc:subfield><marc:subfield code="t">The last world of Mr. Goddard --</marc:subfield><marc:subfield code="t">Studio 5, the stars --</marc:subfield><marc:subfield code="t">Deep end --</marc:subfield><marc:subfield code="t">The overloaded man --</marc:subfield><marc:subfield code="t">Mr. F is Mr. F --</marc:subfield><marc:subfield code="t">Billennium --</marc:subfield><marc:subfield code="t">The gentle assassin --</marc:subfield><marc:subfield code="t">The insane ones --</marc:subfield><marc:subfield code="t">The garden of time --</marc:subfield><marc:subfield code="t">The thousand dreams of Stellavista --</marc:subfield><marc:subfield code="t">Thirteen to Centaurus --</marc:subfield><marc:subfield code="t">Passport to eternity --</marc:subfield><marc:subfield code="t">The cage of sand --</marc:subfield><marc:subfield code="t">The watch-towers --</marc:subfield><marc:subfield code="t">The singing statues --</marc:subfield><marc:subfield code="t">The man on the 99th floor --</marc:subfield><marc:subfield code="t">The subliminal man --</marc:subfield><marc:subfield code="t">The reptile enclosure --</marc:subfield><marc:subfield code="t">A question of re-entry --</marc:subfield><marc:subfield code="t">The time-tombs --</marc:subfield><marc:subfield code="t">Now wakes the sea --</marc:subfield><marc:subfield code="t">The Venus hunters --</marc:subfield><marc:subfield code="t">End-game --</marc:subfield><marc:subfield code="t">Minus one --</marc:subfield><marc:subfield code="t">The sudden afternoon --</marc:subfield><marc:subfield code="t">The screen game --</marc:subfield><marc:subfield code="t">Time of passage --</marc:subfield><marc:subfield code="t">Prisoner of the coral deep --</marc:subfield><marc:subfield code="t">The lost Leonardo --</marc:subfield><marc:subfield code="t">The terminal beach --</marc:subfield><marc:subfield code="t">The illuminated man --</marc:subfield><marc:subfield code="t">The delta at sunset --</marc:subfield><marc:subfield code="t">The drowned giant --</marc:subfield><marc:subfield code="t">The Gioconda of the twilight noon --</marc:subfield><marc:subfield code="t">The volcano dances --</marc:subfield><marc:subfield code="t">The beach murders --</marc:subfield><marc:subfield code="t">The day of forever --</marc:subfield><marc:subfield code="t">The impossible man --</marc:subfield><marc:subfield code="t">Storm-bird, storm-dreamer --</marc:subfield><marc:subfield code="t">Tomorrow is a million years --</marc:subfield><marc:subfield code="t">The assassination of John Fitzgerald Kennedy considered as a downhill motor race --</marc:subfield><marc:subfield code="t">Cry hope, cry fury! --</marc:subfield><marc:subfield code="t">The recognition --</marc:subfield><marc:subfield code="t">The cloud-sculptors of Coral D --</marc:subfield><marc:subfield code="t">Why I want to fuck Ronald Reagan --</marc:subfield><marc:subfield code="t">The dead astronaut --</marc:subfield><marc:subfield code="t">The Comsat angels --</marc:subfield><marc:subfield code="t">The killing ground --</marc:subfield><marc:subfield code="t">A place and a time to die --</marc:subfield><marc:subfield code="t">Say goodbye to the wind --</marc:subfield><marc:subfield code="t">The greatest television show on earth --</marc:subfield><marc:subfield code="t">My dream of flying to Wake Island --</marc:subfield><marc:subfield code="t">The air disaster --</marc:subfield><marc:subfield code="t">Low-flying aircraft --</marc:subfield><marc:subfield code="t">The life and death of God --</marc:subfield><marc:subfield code="t">Notes towards a mental breakdown --</marc:subfield><marc:subfield code="t">The 60 minute zoom --</marc:subfield><marc:subfield code="t">The smile --</marc:subfield><marc:subfield code="t">The ultimate city --</marc:subfield><marc:subfield code="t">The dead time --</marc:subfield><marc:subfield code="t">The index --</marc:subfield><marc:subfield code="t">The intensive care unit --</marc:subfield><marc:subfield code="t">Theatre of war --</marc:subfield><marc:subfield code="t">Having a wonderful time --</marc:subfield><marc:subfield code="t">One afternoon at Utah Beach --</marc:subfield><marc:subfield code="t">Zodiac 2000 --</marc:subfield><marc:subfield code="t">Motel architecture --</marc:subfield><marc:subfield code="t">A host of furious fancies --</marc:subfield><marc:subfield code="t">News from the sun --</marc:subfield><marc:subfield code="t">Memories of the space age --</marc:subfield><marc:subfield code="t">Myths of the near future --</marc:subfield><marc:subfield code="t">Report on an unidentified space station --</marc:subfield><marc:subfield code="t">The object of the attack --</marc:subfield><marc:subfield code="t">Answers to a quesionnaire --</marc:subfield><marc:subfield code="t">The man who walked on the moon --</marc:subfield><marc:subfield code="t">The secret history of World War 3 --</marc:subfield><marc:subfield code="t">Love in a colder climate --</marc:subfield><marc:subfield code="t">The enormous space --</marc:subfield><marc:subfield code="t">The largest theme park in the world --</marc:subfield><marc:subfield code="t">War fever --</marc:subfield><marc:subfield code="t">Dream cargoes --</marc:subfield><marc:subfield code="t">A guide to virtual death --</marc:subfield><marc:subfield code="t">The message from Mars --</marc:subfield><marc:subfield code="t">Report from an obscure planet --</marc:subfield><marc:subfield code="t">New stories for the American edition --</marc:subfield><marc:subfield code="t">The secret autobiography of J.G.B. --</marc:subfield><marc:subfield code="t">The dying fall.</marc:subfield></marc:datafield><marc:datafield tag="651" ind1=" " ind2="0"><marc:subfield code="a">Great Britain</marc:subfield><marc:subfield code="x">Social life and customs</marc:subfield><marc:subfield code="y">20th century</marc:subfield><marc:subfield code="v">Fiction.</marc:subfield></marc:datafield></marc:record>