
<marc:record><marc:leader>00283nam a22000975a 4500</marc:leader>
<marc:controlfield tag="001">017878414</marc:controlfield>
<marc:controlfield tag="003">UkOxU</marc:controlfield><marc:controlfield tag="005">20111101162108.0</marc:controlfield><marc:controlfield tag="008">111101s1969    enk           ||| | eng d</marc:controlfield><marc:datafield tag="245" ind1="0" ind2="4"><marc:subfield code="a">The inner landscape /</marc:subfield><marc:subfield code="c">Mervyn Peake, J. G. Ballard, Brian W. Aldiss.</marc:subfield></marc:datafield><marc:datafield tag="260" ind1=" " ind2=" "><marc:subfield code="a">London :</marc:subfield><marc:subfield code="b">Allison &amp; Busby,</marc:subfield><marc:subfield code="c">1969.</marc:subfield></marc:datafield></marc:record>