
<marc:record><marc:leader>01162cam a2200313 a 4500</marc:leader>
<marc:controlfield tag="001">019409836</marc:controlfield>
<marc:controlfield tag="003">UkOxU</marc:controlfield><marc:controlfield tag="005">20130301102933.0</marc:controlfield><marc:controlfield tag="008">120503s2012    enk           001 0deng d</marc:controlfield><marc:datafield tag="015" ind1=" " ind2=" "><marc:subfield code="a">GBB246800</marc:subfield><marc:subfield code="2">bnb</marc:subfield></marc:datafield><marc:datafield tag="016" ind1=" " ind2=" "><marc:subfield code="a">016086021</marc:subfield><marc:subfield code="2">Uk</marc:subfield></marc:datafield><marc:datafield tag="020" ind1=" " ind2=" "><marc:subfield code="a">0007454856 (hbk.)</marc:subfield></marc:datafield><marc:datafield tag="020" ind1=" " ind2=" "><marc:subfield code="a">9780007454853 (hbk.)</marc:subfield></marc:datafield><marc:datafield tag="038" ind1=" " ind2=" "><marc:subfield code="a">OCoLC</marc:subfield></marc:datafield><marc:datafield tag="040" ind1=" " ind2=" "><marc:subfield code="a">UKMGB</marc:subfield><marc:subfield code="b">eng</marc:subfield><marc:subfield code="c">UKMGB</marc:subfield><marc:subfield code="d">YDXCP</marc:subfield><marc:subfield code="d">NDD</marc:subfield><marc:subfield code="d">NLE</marc:subfield><marc:subfield code="d">UkOxU</marc:subfield></marc:datafield><marc:datafield tag="049" ind1=" " ind2=" "><marc:subfield code="j">CU</marc:subfield><marc:subfield code="k">704912722</marc:subfield><marc:subfield code="l">o</marc:subfield></marc:datafield><marc:datafield tag="050" ind1=" " ind2="4"><marc:subfield code="a">PR6052.A46</marc:subfield><marc:subfield code="b">Z598 2012</marc:subfield></marc:datafield><marc:datafield tag="082" ind1="0" ind2="4"><marc:subfield code="a">823.914</marc:subfield><marc:subfield code="2">23</marc:subfield></marc:datafield><marc:datafield tag="090" ind1=" " ind2=" "><marc:subfield code="a">NLS</marc:subfield><marc:subfield code="b">HB2.213.2.853</marc:subfield></marc:datafield><marc:datafield tag="100" ind1="1" ind2=" "><marc:subfield code="a">Ballard, J. G.,</marc:subfield><marc:subfield code="d">1930-2009.</marc:subfield><marc:subfield code="1">http://viaf.org/viaf/9842556</marc:subfield><marc:subfield code="4">http://rdaregistry.info/Elements/w/object/P10059</marc:subfield></marc:datafield><marc:datafield tag="245" ind1="1" ind2="0"><marc:subfield code="a">Extreme metaphors :</marc:subfield><marc:subfield code="b">selected interviews with J.G. Ballard, 1967-2008 /</marc:subfield><marc:subfield code="c">edited by Simon Sellars and Dan O'Hara.</marc:subfield></marc:datafield><marc:datafield tag="260" ind1=" " ind2=" "><marc:subfield code="a">London :</marc:subfield><marc:subfield code="b">Fourth Estate,</marc:subfield><marc:subfield code="c">c2012.</marc:subfield></marc:datafield><marc:datafield tag="300" ind1=" " ind2=" "><marc:subfield code="a">xxiii, 503 p. ;</marc:subfield><marc:subfield code="c">24 cm.</marc:subfield></marc:datafield><marc:datafield tag="500" ind1=" " ind2=" "><marc:subfield code="a">Includes index.</marc:subfield></marc:datafield><marc:datafield tag="600" ind1="1" ind2="0"><marc:subfield code="a">Ballard, J. G.,</marc:subfield><marc:subfield code="d">1930-2009</marc:subfield><marc:subfield code="v">Interviews.</marc:subfield><marc:subfield code="1">http://viaf.org/viaf/9842556</marc:subfield></marc:datafield><marc:datafield tag="650" ind1=" " ind2="0"><marc:subfield code="a">Novelists, English</marc:subfield><marc:subfield code="y">20th century</marc:subfield><marc:subfield code="v">Interviews.</marc:subfield></marc:datafield><marc:datafield tag="650" ind1=" " ind2="0"><marc:subfield code="a">Novelists, English</marc:subfield><marc:subfield code="y">21st century</marc:subfield><marc:subfield code="v">Interviews.</marc:subfield></marc:datafield><marc:datafield tag="700" ind1="1" ind2=" "><marc:subfield code="a">O'Hara, Daniel Finbarr John,</marc:subfield><marc:subfield code="d">1972-</marc:subfield></marc:datafield><marc:datafield tag="700" ind1="1" ind2=" "><marc:subfield code="a">Sellars, Simon.</marc:subfield></marc:datafield></marc:record>