
<marc:record><marc:leader>05755cam a22009134i 4500</marc:leader>
<marc:controlfield tag="001">000466597</marc:controlfield>
<marc:controlfield tag="003">FI-MELINDA</marc:controlfield><marc:controlfield tag="005">20220110144047.0</marc:controlfield><marc:controlfield tag="008">881011s1988    fi |||||||||||||||f|fin||</marc:controlfield><marc:datafield tag="020" ind1=" " ind2=" "><marc:subfield code="a">951-1-09903-5</marc:subfield><marc:subfield code="q">sidottu</marc:subfield></marc:datafield><marc:datafield tag="040" ind1=" " ind2=" "><marc:subfield code="a">FI-NL</marc:subfield><marc:subfield code="b">fin</marc:subfield></marc:datafield><marc:datafield tag="041" ind1="1" ind2=" "><marc:subfield code="a">fin</marc:subfield><marc:subfield code="h">eng</marc:subfield></marc:datafield><marc:datafield tag="042" ind1=" " ind2=" "><marc:subfield code="a">finb</marc:subfield></marc:datafield><marc:datafield tag="050" ind1=" " ind2="4"><marc:subfield code="a">PR6052</marc:subfield></marc:datafield><marc:datafield tag="072" ind1=" " ind2="7"><marc:subfield code="a">87</marc:subfield><marc:subfield code="2">kkaa</marc:subfield></marc:datafield><marc:datafield tag="080" ind1=" " ind2=" "><marc:subfield code="a">820</marc:subfield></marc:datafield><marc:datafield tag="080" ind1=" " ind2=" "><marc:subfield code="a">820</marc:subfield><marc:subfield code="x">-3</marc:subfield><marc:subfield code="2">1974/fin/fennica</marc:subfield></marc:datafield><marc:datafield tag="084" ind1=" " ind2=" "><marc:subfield code="a">84.2</marc:subfield><marc:subfield code="2">ykl</marc:subfield></marc:datafield><marc:datafield tag="100" ind1="0" ind2=" "><marc:subfield code="a">Ballard, J. G.</marc:subfield><marc:subfield code="1">http://viaf.org/viaf/9842556</marc:subfield><marc:subfield code="4">http://rdaregistry.info/Elements/w/object/P10061</marc:subfield></marc:datafield><marc:datafield tag="240" ind1="1" ind2="0"><marc:subfield code="a">Day of creation</marc:subfield><marc:subfield code="1">http://viaf.org/viaf/308025936</marc:subfield></marc:datafield><marc:datafield tag="245" ind1="1" ind2="0"><marc:subfield code="a">Luomisen päivä /</marc:subfield><marc:subfield code="c">J. G. Ballard ; suom. Juhani Lindholm.</marc:subfield></marc:datafield><marc:datafield tag="260" ind1=" " ind2=" "><marc:subfield code="a">Helsinki :</marc:subfield><marc:subfield code="b">Otava,</marc:subfield><marc:subfield code="c">1988.</marc:subfield></marc:datafield><marc:datafield tag="300" ind1=" " ind2=" "><marc:subfield code="a">333 s</marc:subfield></marc:datafield><marc:datafield tag="336" ind1=" " ind2=" "><marc:subfield code="a">teksti</marc:subfield><marc:subfield code="b">txt</marc:subfield><marc:subfield code="2">rdacontent</marc:subfield></marc:datafield><marc:datafield tag="337" ind1=" " ind2=" "><marc:subfield code="a">käytettävissä ilman laitetta</marc:subfield><marc:subfield code="b">n</marc:subfield><marc:subfield code="2">rdamedia</marc:subfield></marc:datafield><marc:datafield tag="338" ind1=" " ind2=" "><marc:subfield code="a">nide</marc:subfield><marc:subfield code="b">nc</marc:subfield><marc:subfield code="2">rdacarrier</marc:subfield></marc:datafield><marc:datafield tag="490" ind1="1" ind2=" "><marc:subfield code="a">Otavan kirjasto</marc:subfield></marc:datafield><marc:datafield tag="490" ind1="1" ind2=" "><marc:subfield code="a">Otavan kirjasto,</marc:subfield><marc:subfield code="v">73</marc:subfield></marc:datafield><marc:datafield tag="520" ind1=" " ind2=" "><marc:subfield code="a">'Tohtori Mallory on saapunut Port-la-Nouvellen kaupunkiin lääkäriksi. Pian hän kuitenkin jättää leipätyönsä ja omistautuu yltiöpäiselle suunnitelmalle. Mallory löytää vesisuonen, joka pienestä purosta paisuu mahtavaksi virraksi. Virraksi joka poistaisi kuivuuden kirouksen, lähteeksi joka muuttaisi Saharan kukoistavaksi keitaaksi... Näin unelmoi tohtori, tuleva sankari ja maailmankuulu hyväntekijä. Mallory pitää virtaa täysin omana luomuksenaan: hän on antanut sille elämän, se on hänen virtansa, hän itse, sen nimi olkoon Mallory. Matkallaan joen alkulähteille Mallory saa kintereilleen omaperäisen joukon: mukana ovat tunteettomalta vaikuttava, viettelevä lapsinainen Noon, sensaatiomaista Afrikka-filmiä suunnitteleva professori Snager ja eläinfarmista huolehtiva Nora Warrender verevine naispalvelijoineen. Vaaralliseksi matkaseura muuttuu, kun mukaan liittyvät kapinallisten armeijan johtajat Kagwa ja Harare. Jokaisella heillä on unelma joesta. Haave joka toteutuessaan muuttaisi kaiken, takaisi itsenäisyyden ja yleisen hyvinvoinnin - ja ennen muuta henkilökohtaisen voiton: rikkauden ja vallan kiihottavat valtikat... Vangitsevasti Ballard kuljettaa lukijaansa alkukantaisen elämän lähteille ja ihmismielen voiman alkujuurille; maisemaan, jonka karuus muuttuu kauneudeksi sitä valaisevan rehellisyyden tähden.' -- (takakansi)</marc:subfield></marc:datafield><marc:datafield tag="650" ind1=" " ind2="0"><marc:subfield code="a">Physicians</marc:subfield><marc:subfield code="x">fiction.</marc:subfield></marc:datafield><marc:datafield tag="650" ind1=" " ind2="0"><marc:subfield code="a">Water supply</marc:subfield><marc:subfield code="x">fiction.</marc:subfield></marc:datafield><marc:datafield tag="650" ind1=" " ind2="7"><marc:subfield code="a">elämän synty</marc:subfield><marc:subfield code="2">yso/fin</marc:subfield><marc:subfield code="0">http://www.yso.fi/onto/yso/p2870</marc:subfield></marc:datafield><marc:datafield tag="650" ind1=" " ind2="7"><marc:subfield code="a">elämän tarkoitus</marc:subfield><marc:subfield code="2">yso/fin</marc:subfield><marc:subfield code="0">http://www.yso.fi/onto/yso/p9342</marc:subfield></marc:datafield><marc:datafield tag="650" ind1=" " ind2="7"><marc:subfield code="a">fantasiakirjallisuus</marc:subfield><marc:subfield code="x">joet</marc:subfield><marc:subfield code="z">Afrikka</marc:subfield><marc:subfield code="2">kaunokki</marc:subfield></marc:datafield><marc:datafield tag="650" ind1=" " ind2="7"><marc:subfield code="a">finsk litteratur</marc:subfield><marc:subfield code="2">yso/swe</marc:subfield><marc:subfield code="0">http://www.yso.fi/onto/yso/p16810</marc:subfield></marc:datafield><marc:datafield tag="650" ind1=" " ind2="7"><marc:subfield code="a">hyväksikäyttö</marc:subfield><marc:subfield code="2">yso/fin</marc:subfield><marc:subfield code="0">http://www.yso.fi/onto/yso/p5391</marc:subfield></marc:datafield><marc:datafield tag="650" ind1=" " ind2="7"><marc:subfield code="a">ihmisyys</marc:subfield><marc:subfield code="2">yso/fin</marc:subfield><marc:subfield code="0">http://www.yso.fi/onto/yso/p14396</marc:subfield></marc:datafield><marc:datafield tag="650" ind1=" " ind2="7"><marc:subfield code="a">itsekkyys</marc:subfield><marc:subfield code="2">yso/fin</marc:subfield><marc:subfield code="0">http://www.yso.fi/onto/yso/p2893</marc:subfield></marc:datafield><marc:datafield tag="650" ind1=" " ind2="7"><marc:subfield code="a">kaunokirjallisuus</marc:subfield><marc:subfield code="2">yso/fin</marc:subfield><marc:subfield code="0">http://www.yso.fi/onto/yso/p4</marc:subfield></marc:datafield><marc:datafield tag="650" ind1=" " ind2="7"><marc:subfield code="a">kehitysmaat</marc:subfield><marc:subfield code="2">yso/fin</marc:subfield><marc:subfield code="0">http://www.yso.fi/onto/yso/p17004</marc:subfield></marc:datafield><marc:datafield tag="650" ind1=" " ind2="7"><marc:subfield code="a">krig</marc:subfield><marc:subfield code="2">yso/swe</marc:subfield><marc:subfield code="0">http://www.yso.fi/onto/yso/p1271</marc:subfield></marc:datafield><marc:datafield tag="650" ind1=" " ind2="7"><marc:subfield code="a">kuivuudenkestävyys</marc:subfield><marc:subfield code="2">yso/fin</marc:subfield><marc:subfield code="0">http://www.yso.fi/onto/yso/p20472</marc:subfield></marc:datafield><marc:datafield tag="650" ind1=" " ind2="7"><marc:subfield code="a">kuivuus</marc:subfield><marc:subfield code="2">yso/fin</marc:subfield><marc:subfield code="0">http://www.yso.fi/onto/yso/p11092</marc:subfield></marc:datafield><marc:datafield tag="650" ind1=" " ind2="7"><marc:subfield code="a">lääkärit</marc:subfield><marc:subfield code="2">yso/fin</marc:subfield><marc:subfield code="0">http://www.yso.fi/onto/yso/p6182</marc:subfield></marc:datafield><marc:datafield tag="650" ind1=" " ind2="7"><marc:subfield code="a">läkare</marc:subfield><marc:subfield code="2">yso/swe</marc:subfield><marc:subfield code="0">http://www.yso.fi/onto/yso/p6182</marc:subfield></marc:datafield><marc:datafield tag="650" ind1=" " ind2="7"><marc:subfield code="a">livets mening</marc:subfield><marc:subfield code="2">yso/swe</marc:subfield><marc:subfield code="0">http://www.yso.fi/onto/yso/p9342</marc:subfield></marc:datafield><marc:datafield tag="650" ind1=" " ind2="7"><marc:subfield code="a">livets uppkomst</marc:subfield><marc:subfield code="2">yso/swe</marc:subfield><marc:subfield code="0">http://www.yso.fi/onto/yso/p2870</marc:subfield></marc:datafield><marc:datafield tag="650" ind1=" " ind2="7"><marc:subfield code="a">mänsklighet (egenskap)</marc:subfield><marc:subfield code="2">yso/swe</marc:subfield><marc:subfield code="0">http://www.yso.fi/onto/yso/p14396</marc:subfield></marc:datafield><marc:datafield tag="650" ind1=" " ind2="7"><marc:subfield code="a">önskedrömmar</marc:subfield><marc:subfield code="2">yso/swe</marc:subfield><marc:subfield code="0">http://www.yso.fi/onto/yso/p12781</marc:subfield></marc:datafield><marc:datafield tag="650" ind1=" " ind2="7"><marc:subfield code="a">romaner</marc:subfield><marc:subfield code="x">översättningar</marc:subfield><marc:subfield code="x">finska</marc:subfield><marc:subfield code="x">engelska</marc:subfield><marc:subfield code="2">bella</marc:subfield></marc:datafield><marc:datafield tag="650" ind1=" " ind2="7"><marc:subfield code="a">själviskhet</marc:subfield><marc:subfield code="2">yso/swe</marc:subfield><marc:subfield code="0">http://www.yso.fi/onto/yso/p2893</marc:subfield></marc:datafield><marc:datafield tag="650" ind1=" " ind2="7"><marc:subfield code="a">skönlitteratur</marc:subfield><marc:subfield code="2">yso/swe</marc:subfield><marc:subfield code="0">http://www.yso.fi/onto/yso/p4</marc:subfield></marc:datafield><marc:datafield tag="650" ind1=" " ind2="7"><marc:subfield code="a">sodat</marc:subfield><marc:subfield code="2">yso/fin</marc:subfield><marc:subfield code="0">http://www.yso.fi/onto/yso/p1271</marc:subfield></marc:datafield><marc:datafield tag="650" ind1=" " ind2="7"><marc:subfield code="a">suomenkielinen kirjallisuus</marc:subfield><marc:subfield code="2">yso/fin</marc:subfield><marc:subfield code="0">http://www.yso.fi/onto/yso/p16810</marc:subfield></marc:datafield><marc:datafield tag="650" ind1=" " ind2="7"><marc:subfield code="a">tålighet mot torka</marc:subfield><marc:subfield code="2">yso/swe</marc:subfield><marc:subfield code="0">http://www.yso.fi/onto/yso/p20472</marc:subfield></marc:datafield><marc:datafield tag="650" ind1=" " ind2="7"><marc:subfield code="a">torrhet</marc:subfield><marc:subfield code="2">yso/swe</marc:subfield><marc:subfield code="0">http://www.yso.fi/onto/yso/p11092</marc:subfield></marc:datafield><marc:datafield tag="650" ind1=" " ind2="7"><marc:subfield code="a">unelmat</marc:subfield><marc:subfield code="2">yso/fin</marc:subfield><marc:subfield code="0">http://www.yso.fi/onto/yso/p12781</marc:subfield></marc:datafield><marc:datafield tag="650" ind1=" " ind2="7"><marc:subfield code="a">utnyttjande</marc:subfield><marc:subfield code="2">yso/swe</marc:subfield><marc:subfield code="0">http://www.yso.fi/onto/yso/p5391</marc:subfield></marc:datafield><marc:datafield tag="650" ind1=" " ind2="7"><marc:subfield code="a">utvecklingsländer</marc:subfield><marc:subfield code="2">yso/swe</marc:subfield><marc:subfield code="0">http://www.yso.fi/onto/yso/p17004</marc:subfield></marc:datafield><marc:datafield tag="650" ind1=" " ind2="7"><marc:subfield code="a">vattentillgångar</marc:subfield><marc:subfield code="2">yso/swe</marc:subfield><marc:subfield code="0">http://www.yso.fi/onto/yso/p16771</marc:subfield></marc:datafield><marc:datafield tag="650" ind1=" " ind2="7"><marc:subfield code="a">vesivarat</marc:subfield><marc:subfield code="2">yso/fin</marc:subfield><marc:subfield code="0">http://www.yso.fi/onto/yso/p16771</marc:subfield></marc:datafield><marc:datafield tag="650" ind1=" " ind2="7"><marc:subfield code="a">yhteiskunnalliset romaani</marc:subfield><marc:subfield code="z">Afrikka</marc:subfield><marc:subfield code="2">kaunokki</marc:subfield></marc:datafield><marc:datafield tag="651" ind1=" " ind2="0"><marc:subfield code="a">Africa, Central.</marc:subfield><marc:subfield code="x">Fiction.</marc:subfield></marc:datafield><marc:datafield tag="651" ind1=" " ind2="0"><marc:subfield code="a">Sahara.</marc:subfield><marc:subfield code="x">Fiction.</marc:subfield></marc:datafield><marc:datafield tag="651" ind1=" " ind2="7"><marc:subfield code="a">Afrika</marc:subfield><marc:subfield code="2">yso/swe</marc:subfield><marc:subfield code="0">http://www.yso.fi/onto/yso/p94080</marc:subfield></marc:datafield><marc:datafield tag="651" ind1=" " ind2="7"><marc:subfield code="a">Afrikka</marc:subfield><marc:subfield code="2">yso/fin</marc:subfield><marc:subfield code="0">http://www.yso.fi/onto/yso/p94080</marc:subfield></marc:datafield><marc:datafield tag="651" ind1=" " ind2="7"><marc:subfield code="a">Sahara</marc:subfield><marc:subfield code="2">yso/fin</marc:subfield><marc:subfield code="0">http://www.yso.fi/onto/yso/p110694</marc:subfield></marc:datafield><marc:datafield tag="651" ind1=" " ind2="7"><marc:subfield code="a">Sahara</marc:subfield><marc:subfield code="2">yso/swe</marc:subfield><marc:subfield code="0">http://www.yso.fi/onto/yso/p110694</marc:subfield></marc:datafield><marc:datafield tag="655" ind1=" " ind2="7"><marc:subfield code="a">allegoriat</marc:subfield><marc:subfield code="2">slm/fin</marc:subfield><marc:subfield code="0">http://urn.fi/URN:NBN:fi:au:slm:s254</marc:subfield></marc:datafield><marc:datafield tag="655" ind1=" " ind2="7"><marc:subfield code="a">allegorier</marc:subfield><marc:subfield code="2">slm/swe</marc:subfield><marc:subfield code="0">http://urn.fi/URN:NBN:fi:au:slm:s254</marc:subfield></marc:datafield><marc:datafield tag="655" ind1=" " ind2="7"><marc:subfield code="a">kaunokirjallisuus</marc:subfield><marc:subfield code="2">slm/fin</marc:subfield><marc:subfield code="0">http://urn.fi/URN:NBN:fi:au:slm:s975</marc:subfield></marc:datafield><marc:datafield tag="655" ind1=" " ind2="7"><marc:subfield code="a">romaanit</marc:subfield><marc:subfield code="2">slm/fin</marc:subfield><marc:subfield code="0">http://urn.fi/URN:NBN:fi:au:slm:s518</marc:subfield></marc:datafield><marc:datafield tag="655" ind1=" " ind2="7"><marc:subfield code="a">romaner</marc:subfield><marc:subfield code="2">slm/swe</marc:subfield><marc:subfield code="0">http://urn.fi/URN:NBN:fi:au:slm:s518</marc:subfield></marc:datafield><marc:datafield tag="655" ind1=" " ind2="7"><marc:subfield code="a">samhällsromaner</marc:subfield><marc:subfield code="2">slm/swe</marc:subfield><marc:subfield code="0">http://urn.fi/URN:NBN:fi:au:slm:s1031</marc:subfield></marc:datafield><marc:datafield tag="655" ind1=" " ind2="7"><marc:subfield code="a">skönlitteratur</marc:subfield><marc:subfield code="2">slm/swe</marc:subfield><marc:subfield code="0">http://urn.fi/URN:NBN:fi:au:slm:s975</marc:subfield></marc:datafield><marc:datafield tag="655" ind1=" " ind2="7"><marc:subfield code="a">yhteiskunnalliset romaanit</marc:subfield><marc:subfield code="2">slm/fin</marc:subfield><marc:subfield code="0">http://urn.fi/URN:NBN:fi:au:slm:s1031</marc:subfield></marc:datafield><marc:datafield tag="700" ind1="1" ind2=" "><marc:subfield code="a">Lindholm, Juhani,</marc:subfield><marc:subfield code="e">kääntäjä.</marc:subfield><marc:subfield code="0">(FI-ASTERI-N)000111549</marc:subfield></marc:datafield><marc:datafield tag="830" ind1=" " ind2="0"><marc:subfield code="a">Otavan kirjasto,</marc:subfield><marc:subfield code="v">73.</marc:subfield></marc:datafield><marc:datafield tag="830" ind1=" " ind2="0"><marc:subfield code="a">Otavan kirjasto.</marc:subfield></marc:datafield></marc:record>