
<marc:record><marc:leader>01187cam a22002777i 4500</marc:leader>
<marc:controlfield tag="001">002664223</marc:controlfield>
<marc:controlfield tag="003">FI-MELINDA</marc:controlfield><marc:controlfield tag="005">20150103132948.0</marc:controlfield><marc:controlfield tag="008">880920s1979    xxu|||||||||||||||||eng||</marc:controlfield><marc:datafield tag="020" ind1=" " ind2=" "><marc:subfield code="a">0-89370-138-6</marc:subfield><marc:subfield code="q">sidottu</marc:subfield></marc:datafield><marc:datafield tag="020" ind1=" " ind2=" "><marc:subfield code="a">0-89370-238-2</marc:subfield><marc:subfield code="q">nidottu</marc:subfield></marc:datafield><marc:datafield tag="041" ind1="0" ind2=" "><marc:subfield code="a">eng</marc:subfield></marc:datafield><marc:datafield tag="080" ind1=" " ind2=" "><marc:subfield code="a">82</marc:subfield><marc:subfield code="x">-311.9</marc:subfield></marc:datafield><marc:datafield tag="080" ind1=" " ind2=" "><marc:subfield code="a">82.09</marc:subfield></marc:datafield><marc:datafield tag="080" ind1=" " ind2=" "><marc:subfield code="a">820</marc:subfield><marc:subfield code="x">(73) Ballard</marc:subfield></marc:datafield><marc:datafield tag="100" ind1="1" ind2=" "><marc:subfield code="a">Pringle, David.</marc:subfield><marc:subfield code="1">http://viaf.org/viaf/22226089</marc:subfield><marc:subfield code="4">http://rdaregistry.info/Elements/w/object/P10061</marc:subfield></marc:datafield><marc:datafield tag="240" ind1=" " ind2=" "><marc:subfield code="a">Earth is the alien planet</marc:subfield><marc:subfield code="1">http://viaf.org/viaf/22226089/earthisthealienplanet</marc:subfield></marc:datafield><marc:datafield tag="245" ind1="1" ind2="0"><marc:subfield code="a">Earth is the alien planet :</marc:subfield><marc:subfield code="b">J. G. Ballard's four-dimensional nightmare /</marc:subfield><marc:subfield code="c">by David Pringle.</marc:subfield></marc:datafield><marc:datafield tag="260" ind1=" " ind2=" "><marc:subfield code="a">San Bernardino, Calif. :</marc:subfield><marc:subfield code="b">Borgo,</marc:subfield><marc:subfield code="c">1979.</marc:subfield></marc:datafield><marc:datafield tag="300" ind1=" " ind2=" "><marc:subfield code="a">63 s</marc:subfield></marc:datafield><marc:datafield tag="336" ind1=" " ind2=" "><marc:subfield code="a">tekst</marc:subfield><marc:subfield code="0">http://rdaregistry.info/termList/RDAContentType/1020</marc:subfield></marc:datafield><marc:datafield tag="337" ind1=" " ind2=" "><marc:subfield code="a">uformidlet</marc:subfield><marc:subfield code="0">http://rdaregistry.info/termList/RDAMediaType/1007</marc:subfield></marc:datafield><marc:datafield tag="338" ind1=" " ind2=" "><marc:subfield code="a">bind</marc:subfield><marc:subfield code="0">http://rdaregistry.info/termList/RDACarrierType/1049</marc:subfield></marc:datafield><marc:datafield tag="380" ind1=" " ind2=" "><marc:subfield code="a">Språkbasert verk</marc:subfield><marc:subfield code="1">https://schema.nb.no/Bibliographic/Values/V1000</marc:subfield></marc:datafield><marc:datafield tag="490" ind1="1" ind2=" "><marc:subfield code="a">The Milford series, Popular writers of today ;</marc:subfield><marc:subfield code="v">Vol. 26</marc:subfield></marc:datafield><marc:datafield tag="830" ind1=" " ind2="4"><marc:subfield code="a">The Milford series,</marc:subfield><marc:subfield code="p">Popular writers of today ;</marc:subfield><marc:subfield code="v">Vol. 26.</marc:subfield></marc:datafield></marc:record>