
<marc:record><marc:leader>00815cam a22002173i 4500</marc:leader>
<marc:controlfield tag="001">006190202</marc:controlfield>
<marc:controlfield tag="003">FI-MELINDA</marc:controlfield><marc:controlfield tag="005">20150123180911.0</marc:controlfield><marc:controlfield tag="008">130415s1993    xx           |||| | swe c</marc:controlfield><marc:datafield tag="020" ind1=" " ind2=" "><marc:subfield code="a">91-46-16379-4</marc:subfield><marc:subfield code="q">inbunden</marc:subfield></marc:datafield><marc:datafield tag="041" ind1="1" ind2=" "><marc:subfield code="a">swe</marc:subfield><marc:subfield code="h">eng</marc:subfield></marc:datafield><marc:datafield tag="100" ind1="1" ind2=" "><marc:subfield code="a">Ballard, J. G.</marc:subfield><marc:subfield code="1">http://viaf.org/viaf/9842556</marc:subfield><marc:subfield code="4">http://rdaregistry.info/Elements/w/object/P10061</marc:subfield></marc:datafield><marc:datafield tag="240" ind1="1" ind2="0"><marc:subfield code="a">War fever,</marc:subfield><marc:subfield code="l">ruotsi</marc:subfield><marc:subfield code="1">http://www.wikidata.org/entity/Q7968436</marc:subfield></marc:datafield><marc:datafield tag="245" ind1="1" ind2="0"><marc:subfield code="a">Krigsfeber /</marc:subfield><marc:subfield code="c">J.G. Ballard ; till svenska av Hans-Jacob Nilsson.</marc:subfield></marc:datafield><marc:datafield tag="260" ind1=" " ind2=" "><marc:subfield code="a">Stockholm :</marc:subfield><marc:subfield code="b">Wahlström &amp; Widstrand,</marc:subfield><marc:subfield code="c">1993</marc:subfield><marc:subfield code="e">(Borås :</marc:subfield><marc:subfield code="f">Centraltr.)</marc:subfield></marc:datafield><marc:datafield tag="300" ind1=" " ind2=" "><marc:subfield code="a">221, [1] s</marc:subfield></marc:datafield><marc:datafield tag="336" ind1=" " ind2=" "><marc:subfield code="a">teksti</marc:subfield><marc:subfield code="b">txt</marc:subfield><marc:subfield code="2">rdacontent</marc:subfield></marc:datafield><marc:datafield tag="337" ind1=" " ind2=" "><marc:subfield code="a">käytettävissä ilman laitetta</marc:subfield><marc:subfield code="b">n</marc:subfield><marc:subfield code="2">rdamedia</marc:subfield></marc:datafield><marc:datafield tag="338" ind1=" " ind2=" "><marc:subfield code="a">nide</marc:subfield><marc:subfield code="b">nc</marc:subfield><marc:subfield code="2">rdacarrier</marc:subfield></marc:datafield><marc:datafield tag="500" ind1=" " ind2=" "><marc:subfield code="a">Första svenska uppl. 1993.</marc:subfield></marc:datafield><marc:datafield tag="700" ind1="1" ind2=" "><marc:subfield code="a">Nilsson, Hans-Jacob.</marc:subfield></marc:datafield></marc:record>