
<marc:record><marc:leader>00557caa a22001334i 4500</marc:leader>
<marc:controlfield tag="001">007971221</marc:controlfield>
<marc:controlfield tag="003">FI-MELINDA</marc:controlfield><marc:controlfield tag="005">20160510084245.0</marc:controlfield><marc:controlfield tag="008">040416s2002    xxk|||||||||| ||||||||||c</marc:controlfield><marc:datafield tag="100" ind1="1" ind2=" "><marc:subfield code="a">Ballard, J. G.</marc:subfield><marc:subfield code="1">http://viaf.org/viaf/9842556</marc:subfield><marc:subfield code="4">http://rdaregistry.info/Elements/w/object/P10061</marc:subfield></marc:datafield><marc:datafield tag="245" ind1="1" ind2="0"><marc:subfield code="a">Dream cargoes.</marc:subfield></marc:datafield><marc:datafield tag="336" ind1=" " ind2=" "><marc:subfield code="a">teksti</marc:subfield><marc:subfield code="b">txt</marc:subfield><marc:subfield code="2">rdacontent</marc:subfield></marc:datafield><marc:datafield tag="337" ind1=" " ind2=" "><marc:subfield code="a">käytettävissä ilman laitetta</marc:subfield><marc:subfield code="b">n</marc:subfield><marc:subfield code="2">rdamedia</marc:subfield></marc:datafield><marc:datafield tag="773" ind1="0" ind2=" "><marc:subfield code="7">nnam</marc:subfield><marc:subfield code="w">(FI-MELINDA)007267389</marc:subfield><marc:subfield code="a">Byatt, A. S.</marc:subfield><marc:subfield code="t">The Oxford book of English short stories. -</marc:subfield><marc:subfield code="d">Oxford : Oxford University Press, 2002. -</marc:subfield><marc:subfield code="z">0-1-9280376-X</marc:subfield></marc:datafield></marc:record>