
<marc:record><marc:leader>00589caa a22001454i 4500</marc:leader>
<marc:controlfield tag="001">008950330</marc:controlfield>
<marc:controlfield tag="003">FI-MELINDA</marc:controlfield><marc:controlfield tag="005">20210426142603.0</marc:controlfield><marc:controlfield tag="008">960705s1995    fi |||||||||| ||||||||||c</marc:controlfield><marc:datafield tag="100" ind1="1" ind2=" "><marc:subfield code="a">Ballard, J. G.</marc:subfield><marc:subfield code="1">http://viaf.org/viaf/9842556</marc:subfield><marc:subfield code="4">http://rdaregistry.info/Elements/w/object/P10061</marc:subfield></marc:datafield><marc:datafield tag="240" ind1="1" ind2="2"><marc:subfield code="a">A host of furious fancies</marc:subfield></marc:datafield><marc:datafield tag="245" ind1="1" ind2="0"><marc:subfield code="a">Hurjia haluja.</marc:subfield></marc:datafield><marc:datafield tag="336" ind1=" " ind2=" "><marc:subfield code="a">teksti</marc:subfield><marc:subfield code="b">txt</marc:subfield><marc:subfield code="2">rdacontent</marc:subfield></marc:datafield><marc:datafield tag="337" ind1=" " ind2=" "><marc:subfield code="a">käytettävissä ilman laitetta</marc:subfield><marc:subfield code="b">n</marc:subfield><marc:subfield code="2">rdamedia</marc:subfield></marc:datafield><marc:datafield tag="773" ind1="0" ind2=" "><marc:subfield code="7">nnam</marc:subfield><marc:subfield code="w">(FI-MELINDA)000813053</marc:subfield><marc:subfield code="t">Värisyttävä kosketus. -</marc:subfield><marc:subfield code="d">Hyvinkää : Book Studio. -</marc:subfield><marc:subfield code="k">Collector antologia ; 13. -</marc:subfield><marc:subfield code="z">951-611-745-7. -</marc:subfield><marc:subfield code="g">2</marc:subfield></marc:datafield></marc:record>