
<marc:record><marc:leader>00565caa a22001334i 4500</marc:leader>
<marc:controlfield tag="001">009062114</marc:controlfield>
<marc:controlfield tag="003">FI-MELINDA</marc:controlfield><marc:controlfield tag="005">20201211094014.0</marc:controlfield><marc:controlfield tag="008">091106s2009    fi |||||||||| ||||||||||c</marc:controlfield><marc:datafield tag="100" ind1="1" ind2=" "><marc:subfield code="a">Kujansivu, Heikki.</marc:subfield></marc:datafield><marc:datafield tag="245" ind1="1" ind2="0"><marc:subfield code="a">J. G. Ballard :</marc:subfield><marc:subfield code="b">ihminen, teknologia ja yhteiskunta /</marc:subfield><marc:subfield code="c">Heikki Kujansivu.</marc:subfield></marc:datafield><marc:datafield tag="336" ind1=" " ind2=" "><marc:subfield code="a">teksti</marc:subfield><marc:subfield code="b">txt</marc:subfield><marc:subfield code="2">rdacontent</marc:subfield></marc:datafield><marc:datafield tag="337" ind1=" " ind2=" "><marc:subfield code="a">käytettävissä ilman laitetta</marc:subfield><marc:subfield code="b">n</marc:subfield><marc:subfield code="2">rdamedia</marc:subfield></marc:datafield><marc:datafield tag="773" ind1="0" ind2=" "><marc:subfield code="7">nnam</marc:subfield><marc:subfield code="w">(FI-MELINDA)005621782</marc:subfield><marc:subfield code="t">Imperiumin perilliset : esseitä brittiläisestä nykykirjallisuudesta. -</marc:subfield><marc:subfield code="d">[Helsinki] : Avain, 2009. -</marc:subfield><marc:subfield code="k">Café Voltaire. -</marc:subfield><marc:subfield code="z">978-952-5524-73-4</marc:subfield></marc:datafield></marc:record>