
<marc:record><marc:leader>00651caa a22001814i 4500</marc:leader>
<marc:controlfield tag="001">009098898</marc:controlfield>
<marc:controlfield tag="003">FI-MELINDA</marc:controlfield><marc:controlfield tag="005">20211224101326.0</marc:controlfield><marc:controlfield tag="008">130220s2013    xxua|||g 6||| 000 1 eng c</marc:controlfield><marc:datafield tag="041" ind1="0" ind2=" "><marc:subfield code="a">eng</marc:subfield></marc:datafield><marc:datafield tag="084" ind1=" " ind2=" "><marc:subfield code="a">85.35</marc:subfield><marc:subfield code="2">ykl</marc:subfield></marc:datafield><marc:datafield tag="100" ind1="0" ind2=" "><marc:subfield code="a">Onsmith.</marc:subfield></marc:datafield><marc:datafield tag="240" ind1="1" ind2="0"><marc:subfield code="a">Crash</marc:subfield><marc:subfield code="1">http://viaf.org/viaf/305922109</marc:subfield></marc:datafield><marc:datafield tag="245" ind1="1" ind2="0"><marc:subfield code="a">Crash.</marc:subfield></marc:datafield><marc:datafield tag="336" ind1=" " ind2=" "><marc:subfield code="a">teksti</marc:subfield><marc:subfield code="b">txt</marc:subfield><marc:subfield code="2">rdacontent</marc:subfield></marc:datafield><marc:datafield tag="337" ind1=" " ind2=" "><marc:subfield code="a">käytettävissä ilman laitetta</marc:subfield><marc:subfield code="b">n</marc:subfield><marc:subfield code="2">rdamedia</marc:subfield></marc:datafield><marc:datafield tag="700" ind1="1" ind2=" "><marc:subfield code="a">Ballard, J. G.</marc:subfield></marc:datafield><marc:datafield tag="773" ind1="0" ind2=" "><marc:subfield code="7">nnam</marc:subfield><marc:subfield code="w">(FI-MELINDA)007041173</marc:subfield><marc:subfield code="t">The graphic canon. Volume 3, From Heart of darkness to Hemingway to Infinite jest. -</marc:subfield><marc:subfield code="b">1st ed</marc:subfield><marc:subfield code="d">New York, NY : Seven Stories Press, 2013. -</marc:subfield><marc:subfield code="m">xii, 563 s. -</marc:subfield><marc:subfield code="z">978-1-60980-380-3</marc:subfield></marc:datafield></marc:record>