
<marc:record><marc:leader>00572caa a22001334i 4500</marc:leader>
<marc:controlfield tag="001">009145814</marc:controlfield>
<marc:controlfield tag="003">FI-MELINDA</marc:controlfield><marc:controlfield tag="005">20210128125645.0</marc:controlfield><marc:controlfield tag="008">960124s1987    xx |||||||||| ||||||||||c</marc:controlfield><marc:datafield tag="100" ind1="1" ind2=" "><marc:subfield code="a">Ballard, J. G.</marc:subfield><marc:subfield code="1">http://viaf.org/viaf/9842556</marc:subfield><marc:subfield code="4">http://rdaregistry.info/Elements/w/object/P10061</marc:subfield></marc:datafield><marc:datafield tag="245" ind1="1" ind2="0"><marc:subfield code="a">Memories of the space age.</marc:subfield></marc:datafield><marc:datafield tag="336" ind1=" " ind2=" "><marc:subfield code="a">teksti</marc:subfield><marc:subfield code="b">txt</marc:subfield><marc:subfield code="2">rdacontent</marc:subfield></marc:datafield><marc:datafield tag="337" ind1=" " ind2=" "><marc:subfield code="a">käytettävissä ilman laitetta</marc:subfield><marc:subfield code="b">n</marc:subfield><marc:subfield code="2">rdamedia</marc:subfield></marc:datafield><marc:datafield tag="773" ind1="0" ind2=" "><marc:subfield code="7">nnam</marc:subfield><marc:subfield code="w">(FI-MELINDA)000013510</marc:subfield><marc:subfield code="t">The Penguin book of modern British short stories. -</marc:subfield><marc:subfield code="b">[New ed.]. -</marc:subfield><marc:subfield code="d">London ; New York : Penguin, 1988. -</marc:subfield><marc:subfield code="z">0-14-006306-4</marc:subfield></marc:datafield></marc:record>