
<marc:record><marc:leader>03424cgm a22006494i 4500</marc:leader>
<marc:controlfield tag="001">010076450</marc:controlfield>
<marc:controlfield tag="003">FI-MELINDA</marc:controlfield><marc:controlfield tag="005">20210612151816.0</marc:controlfield><marc:controlfield tag="007">vd|cv||||</marc:controlfield><marc:controlfield tag="008">140402r20111987fi ||| g     |    v|eng|c</marc:controlfield><marc:datafield tag="024" ind1="3" ind2=" "><marc:subfield code="a">5051895065655</marc:subfield></marc:datafield><marc:datafield tag="028" ind1="0" ind2="1"><marc:subfield code="a">73737</marc:subfield></marc:datafield><marc:datafield tag="028" ind1="4" ind2="1"><marc:subfield code="b">Warner Home Video</marc:subfield><marc:subfield code="a">1000202787</marc:subfield></marc:datafield><marc:datafield tag="028" ind1="4" ind2="1"><marc:subfield code="b">Warner Home Video</marc:subfield><marc:subfield code="a">5000097239</marc:subfield></marc:datafield><marc:datafield tag="040" ind1=" " ind2=" "><marc:subfield code="b">fin</marc:subfield></marc:datafield><marc:datafield tag="041" ind1="1" ind2=" "><marc:subfield code="a">eng</marc:subfield><marc:subfield code="a">ger</marc:subfield><marc:subfield code="a">spa</marc:subfield><marc:subfield code="j">fin</marc:subfield><marc:subfield code="j">swe</marc:subfield><marc:subfield code="j">dan</marc:subfield><marc:subfield code="j">nor</marc:subfield><marc:subfield code="j">eng</marc:subfield><marc:subfield code="j">ger</marc:subfield><marc:subfield code="j">spa</marc:subfield><marc:subfield code="j">hrv</marc:subfield><marc:subfield code="j">cze</marc:subfield><marc:subfield code="j">gre</marc:subfield><marc:subfield code="j">heb</marc:subfield><marc:subfield code="j">hun</marc:subfield><marc:subfield code="j">pol</marc:subfield><marc:subfield code="j">por</marc:subfield><marc:subfield code="j">srp</marc:subfield><marc:subfield code="j">slv</marc:subfield><marc:subfield code="j">tur</marc:subfield><marc:subfield code="h">eng</marc:subfield></marc:datafield><marc:datafield tag="084" ind1=" " ind2=" "><marc:subfield code="a">84.2</marc:subfield><marc:subfield code="2">ykl</marc:subfield></marc:datafield><marc:datafield tag="084" ind1="9" ind2=" "><marc:subfield code="a">Sota</marc:subfield><marc:subfield code="2">ykl</marc:subfield></marc:datafield><marc:datafield tag="130" ind1="1" ind2="0"><marc:subfield code="a">Empire of the sun</marc:subfield><marc:subfield code="1">http://viaf.org/viaf/293611582</marc:subfield></marc:datafield><marc:datafield tag="245" ind1="1" ind2="0"><marc:subfield code="a">Auringon valtakunta /</marc:subfield><marc:subfield code="c">directed by Steven Spielberg ; screenplay by Tom Stoppard ; produced by Steven Spielberg, Kathleen Kennedy, Frank Marshall.</marc:subfield></marc:datafield><marc:datafield tag="260" ind1=" " ind2=" "><marc:subfield code="a">[Helsinki] :</marc:subfield><marc:subfield code="b">Warner Bros. Entertainment Finland [jakaja],</marc:subfield><marc:subfield code="c">[2011]</marc:subfield></marc:datafield><marc:datafield tag="300" ind1=" " ind2=" "><marc:subfield code="a">1 DVD-videolevy (146 min) :</marc:subfield><marc:subfield code="b">värillinen, ääni</marc:subfield></marc:datafield><marc:datafield tag="336" ind1=" " ind2=" "><marc:subfield code="a">kaksiulotteinen liikkuva kuva</marc:subfield><marc:subfield code="b">tdi</marc:subfield><marc:subfield code="2">rdacontent</marc:subfield></marc:datafield><marc:datafield tag="337" ind1=" " ind2=" "><marc:subfield code="a">video</marc:subfield><marc:subfield code="b">v</marc:subfield><marc:subfield code="2">rdamedia</marc:subfield></marc:datafield><marc:datafield tag="338" ind1=" " ind2=" "><marc:subfield code="a">videolevy</marc:subfield><marc:subfield code="b">vd</marc:subfield><marc:subfield code="2">rdacarrier</marc:subfield></marc:datafield><marc:datafield tag="336" ind1=" " ind2=" "><marc:subfield code="a">todimensjonalt levende bilde</marc:subfield><marc:subfield code="2">rdacontent</marc:subfield><marc:subfield code="0">http://rdaregistry.info/termList/RDAContentType/1023</marc:subfield></marc:datafield><marc:datafield tag="337" ind1=" " ind2=" "><marc:subfield code="a">video</marc:subfield><marc:subfield code="2">rdamedia</marc:subfield><marc:subfield code="0">http://rdaregistry.info/termList/RDAMediaType/1008</marc:subfield></marc:datafield><marc:datafield tag="338" ind1=" " ind2=" "><marc:subfield code="a">videoplate</marc:subfield><marc:subfield code="2">rdacarrier</marc:subfield><marc:subfield code="0">http://rdaregistry.info/termList/RDACarrierType/1060</marc:subfield></marc:datafield><marc:datafield tag="380" ind1=" " ind2=" "><marc:subfield code="a">filmverk</marc:subfield><marc:subfield code="0">https://schema.nb.no/Bibliographic/Values/V1002</marc:subfield></marc:datafield><marc:datafield tag="500" ind1=" " ind2=" "><marc:subfield code="a">Elokuvan perustana: Empire of the sun / J. G. Ballard.</marc:subfield></marc:datafield><marc:datafield tag="505" ind1="0" ind2=" "><marc:subfield code="a">Lisämateriaali: Behind-the-scenes documentary: &quot;The China odyssey&quot;.</marc:subfield></marc:datafield><marc:datafield tag="506" ind1="1" ind2=" "><marc:subfield code="a">Kielletty alle 12-vuotiailta.</marc:subfield></marc:datafield><marc:datafield tag="511" ind1="0" ind2=" "><marc:subfield code="a">Pääosissa: John Malkovich, Miranda Richardson, Nigel Havers, Christian Bale.</marc:subfield></marc:datafield><marc:datafield tag="534" ind1=" " ind2=" "><marc:subfield code="p">Alun perin julkaistu:</marc:subfield><marc:subfield code="c">Amblin Entertainment, 1987.</marc:subfield></marc:datafield><marc:datafield tag="540" ind1=" " ind2=" "><marc:subfield code="a">Lainausoikeus.</marc:subfield></marc:datafield><marc:datafield tag="546" ind1=" " ind2=" "><marc:subfield code="a">Vaihtoehtoiset ääniraidat: englanti, saksa, espanja ; tekstitys: suomi, ruotsi, norja, tanska, espanja, kroatia, tšekki, kreikka, heprea, unkari, puola, portugali, serbia, sloveeni, turkki sekä englanti ja saksa kuulovammaisille.</marc:subfield></marc:datafield><marc:datafield tag="546" ind1=" " ind2=" "><marc:subfield code="a">Vaihtoehtoiset ääniraidat: englanti, saksa, espanja ; tekstitys: suomi, ruotsi, norja, tanska, espanja, kroatiatšekki, kreikka, heprea, unkari, puola, portugali, serbia, sloveeni, turkki sekä englanti ja saksa kuulovammaisille.</marc:subfield></marc:datafield><marc:datafield tag="650" ind1=" " ind2="7"><marc:subfield code="a">sotilaat</marc:subfield><marc:subfield code="x">japanilaiset</marc:subfield><marc:subfield code="2">kaunokki</marc:subfield></marc:datafield><marc:datafield tag="650" ind1=" " ind2="7"><marc:subfield code="a">toinen maailmansota</marc:subfield><marc:subfield code="z">Japani</marc:subfield><marc:subfield code="y">1941</marc:subfield><marc:subfield code="2">kaunokki</marc:subfield></marc:datafield><marc:datafield tag="655" ind1=" " ind2="7"><marc:subfield code="a">draamaelokuvat</marc:subfield><marc:subfield code="2">slm/fin</marc:subfield><marc:subfield code="0">http://urn.fi/URN:NBN:fi:au:slm:s627</marc:subfield></marc:datafield><marc:datafield tag="655" ind1=" " ind2="7"><marc:subfield code="a">dramafilmer</marc:subfield><marc:subfield code="2">slm/swe</marc:subfield><marc:subfield code="0">http://urn.fi/URN:NBN:fi:au:slm:s627</marc:subfield></marc:datafield><marc:datafield tag="655" ind1=" " ind2="7"><marc:subfield code="a">elokuvat</marc:subfield><marc:subfield code="z">Yhdysvallat</marc:subfield><marc:subfield code="y">1980-luku</marc:subfield><marc:subfield code="2">kaunokki</marc:subfield></marc:datafield><marc:datafield tag="655" ind1=" " ind2="7"><marc:subfield code="a">filmatisointi</marc:subfield><marc:subfield code="x">romaanit</marc:subfield><marc:subfield code="2">kaunokki</marc:subfield></marc:datafield><marc:datafield tag="655" ind1=" " ind2="7"><marc:subfield code="a">krigsfilmer</marc:subfield><marc:subfield code="2">slm/swe</marc:subfield><marc:subfield code="0">http://urn.fi/URN:NBN:fi:au:slm:s1073</marc:subfield></marc:datafield><marc:datafield tag="655" ind1=" " ind2="7"><marc:subfield code="a">sotaelokuvat</marc:subfield><marc:subfield code="2">slm/fin</marc:subfield><marc:subfield code="0">http://urn.fi/URN:NBN:fi:au:slm:s1073</marc:subfield></marc:datafield><marc:datafield tag="700" ind1="1" ind2=" "><marc:subfield code="a">Bale, Christian,</marc:subfield><marc:subfield code="e">näyttelijä.</marc:subfield></marc:datafield><marc:datafield tag="700" ind1="1" ind2=" "><marc:subfield code="a">Ballard, J. G.,</marc:subfield><marc:subfield code="e">kirjoittaja.</marc:subfield><marc:subfield code="t">Empire of the sun.</marc:subfield></marc:datafield><marc:datafield tag="700" ind1="1" ind2=" "><marc:subfield code="a">Daviau, Allen,</marc:subfield><marc:subfield code="e">kuvaaja.</marc:subfield></marc:datafield><marc:datafield tag="700" ind1="1" ind2=" "><marc:subfield code="a">Havers, Nigel,</marc:subfield><marc:subfield code="e">näyttelijä.</marc:subfield></marc:datafield><marc:datafield tag="700" ind1="1" ind2=" "><marc:subfield code="a">Kennedy, Kathleen,</marc:subfield><marc:subfield code="e">tuottaja.</marc:subfield></marc:datafield><marc:datafield tag="700" ind1="1" ind2=" "><marc:subfield code="a">Malkovich, John,</marc:subfield><marc:subfield code="e">näyttelijä.</marc:subfield></marc:datafield><marc:datafield tag="700" ind1="1" ind2=" "><marc:subfield code="a">Marshall, Frank,</marc:subfield><marc:subfield code="e">tuottaja.</marc:subfield></marc:datafield><marc:datafield tag="700" ind1="1" ind2=" "><marc:subfield code="a">Richardson, Miranda,</marc:subfield><marc:subfield code="e">näyttelijä.</marc:subfield></marc:datafield><marc:datafield tag="700" ind1="1" ind2=" "><marc:subfield code="a">Spielberg, Steven,</marc:subfield><marc:subfield code="e">tuottaja,</marc:subfield><marc:subfield code="e">ohjaaja.</marc:subfield></marc:datafield><marc:datafield tag="700" ind1="1" ind2=" "><marc:subfield code="a">Stoppard, Tom,</marc:subfield><marc:subfield code="e">käsikirjoittaja.</marc:subfield></marc:datafield><marc:datafield tag="700" ind1="1" ind2=" "><marc:subfield code="a">Williams, John,</marc:subfield><marc:subfield code="e">säveltäjä.</marc:subfield></marc:datafield><marc:datafield tag="700" ind1="1" ind2=" "><marc:subfield code="i">Elokuvan perustana</marc:subfield><marc:subfield code="a">Ballard, J. G.</marc:subfield><marc:subfield code="t">Empire of the sun.</marc:subfield></marc:datafield></marc:record>