
<marc:record><marc:leader>01462cja a22003614i 4500</marc:leader>
<marc:controlfield tag="001">015732409</marc:controlfield>
<marc:controlfield tag="003">FI-MELINDA</marc:controlfield><marc:controlfield tag="005">20211104193002.0</marc:controlfield><marc:controlfield tag="007">sd|f||g|||m|||</marc:controlfield><marc:controlfield tag="008">160222s2001    xx ptnn |||||||nn | nor| </marc:controlfield><marc:datafield tag="024" ind1="0" ind2=" "><marc:subfield code="a">USCWA0101704</marc:subfield></marc:datafield><marc:datafield tag="040" ind1=" " ind2=" "><marc:subfield code="a">FI-NLD</marc:subfield></marc:datafield><marc:datafield tag="041" ind1="0" ind2=" "><marc:subfield code="d">nor</marc:subfield></marc:datafield><marc:datafield tag="042" ind1=" " ind2=" "><marc:subfield code="a">finbd</marc:subfield></marc:datafield><marc:datafield tag="084" ind1=" " ind2=" "><marc:subfield code="a">78.3411</marc:subfield><marc:subfield code="2">ykl</marc:subfield></marc:datafield><marc:datafield tag="100" ind1="1" ind2=" "><marc:subfield code="a">Meidell, Jacob Gerhard,</marc:subfield><marc:subfield code="e">säveltäjä.</marc:subfield><marc:subfield code="0">(FI-ASTERI-N)000196754</marc:subfield></marc:datafield><marc:datafield tag="245" ind1="1" ind2="0"><marc:subfield code="a">Deilig er den himmel blå.</marc:subfield></marc:datafield><marc:datafield tag="246" ind1="1" ind2="3"><marc:subfield code="a">Deilig er den himmel blaa</marc:subfield></marc:datafield><marc:datafield tag="306" ind1=" " ind2=" "><marc:subfield code="a">000234</marc:subfield></marc:datafield><marc:datafield tag="336" ind1=" " ind2=" "><marc:subfield code="a">esitetty musiikki</marc:subfield><marc:subfield code="b">prm</marc:subfield><marc:subfield code="2">rdacontent</marc:subfield></marc:datafield><marc:datafield tag="337" ind1=" " ind2=" "><marc:subfield code="a">audio</marc:subfield><marc:subfield code="b">s</marc:subfield><marc:subfield code="2">rdamedia</marc:subfield></marc:datafield><marc:datafield tag="500" ind1=" " ind2=" "><marc:subfield code="a">Aihepiiri: joulu.</marc:subfield></marc:datafield><marc:datafield tag="511" ind1="0" ind2=" "><marc:subfield code="a">Choral Arts Nortwest (kuoro). Sparks, Richard (kuoronjohtaja). Sunde, Stacey (sopraano). Ballard, Berith (altto). McCaffery-Lent, Robert (tenori). Braun, Timothy (basso).</marc:subfield></marc:datafield><marc:datafield tag="518" ind1=" " ind2=" "><marc:subfield code="a">Äänitys: 1999-2000.</marc:subfield></marc:datafield><marc:datafield tag="700" ind1="1" ind2=" "><marc:subfield code="a">Ballard, Berith,</marc:subfield><marc:subfield code="e">esittäjä.</marc:subfield></marc:datafield><marc:datafield tag="700" ind1="1" ind2=" "><marc:subfield code="a">Braun, Timothy,</marc:subfield><marc:subfield code="e">esittäjä.</marc:subfield></marc:datafield><marc:datafield tag="700" ind1="1" ind2=" "><marc:subfield code="a">Christiansen, Paul J.,</marc:subfield><marc:subfield code="e">sovittaja.</marc:subfield><marc:subfield code="0">(FI-ASTERI-N)000187052</marc:subfield></marc:datafield><marc:datafield tag="700" ind1="1" ind2=" "><marc:subfield code="a">Grundtvig, N. F. S.,</marc:subfield><marc:subfield code="e">sanoittaja.</marc:subfield><marc:subfield code="0">(FI-ASTERI-N)000104616</marc:subfield></marc:datafield><marc:datafield tag="700" ind1="1" ind2=" "><marc:subfield code="a">McCaffery-Lent, Robert,</marc:subfield><marc:subfield code="e">esittäjä.</marc:subfield></marc:datafield><marc:datafield tag="700" ind1="1" ind2=" "><marc:subfield code="a">Sparks, Richard,</marc:subfield><marc:subfield code="e">johtaja.</marc:subfield></marc:datafield><marc:datafield tag="700" ind1="1" ind2=" "><marc:subfield code="a">Sunde, Stacey,</marc:subfield><marc:subfield code="e">esittäjä.</marc:subfield></marc:datafield><marc:datafield tag="710" ind1="2" ind2=" "><marc:subfield code="a">Choral Arts Northwest,</marc:subfield><marc:subfield code="e">esittäjä.</marc:subfield></marc:datafield><marc:datafield tag="773" ind1="0" ind2=" "><marc:subfield code="7">nnjm</marc:subfield><marc:subfield code="w">(FI-MELINDA)015602217</marc:subfield><marc:subfield code="t">A scandinavian christmas. -</marc:subfield><marc:subfield code="d">[Kustannuspaikka tuntematon] : [Loft Recordings], [2001]. -</marc:subfield><marc:subfield code="h">1 CD-äänilevy + tekstiliite. -</marc:subfield><marc:subfield code="o">Loft LRCD1017. -</marc:subfield><marc:subfield code="g">Raita 4</marc:subfield></marc:datafield></marc:record>