
<marc:record><marc:leader>00793caa a22001814i 4500</marc:leader>
<marc:controlfield tag="001">017393489</marc:controlfield>
<marc:controlfield tag="003">FI-MELINDA</marc:controlfield><marc:controlfield tag="005">20220210121424.0</marc:controlfield><marc:controlfield tag="008">100114s2009    fi                  fin c</marc:controlfield><marc:datafield tag="041" ind1=" " ind2=" "><marc:subfield code="a">fin</marc:subfield></marc:datafield><marc:datafield tag="080" ind1=" " ind2=" "><marc:subfield code="a">82</marc:subfield></marc:datafield><marc:datafield tag="100" ind1="1" ind2=" "><marc:subfield code="a">Kujansivu, Heikki.</marc:subfield></marc:datafield><marc:datafield tag="245" ind1="1" ind2="0"><marc:subfield code="a">J. G. Ballard :</marc:subfield><marc:subfield code="b">ihminen, teknologia ja yhteiskunta.</marc:subfield></marc:datafield><marc:datafield tag="336" ind1=" " ind2=" "><marc:subfield code="a">teksti</marc:subfield><marc:subfield code="b">txt</marc:subfield><marc:subfield code="2">rdacontent</marc:subfield></marc:datafield><marc:datafield tag="337" ind1=" " ind2=" "><marc:subfield code="a">käytettävissä ilman laitetta</marc:subfield><marc:subfield code="b">n</marc:subfield><marc:subfield code="2">rdamedia</marc:subfield></marc:datafield><marc:datafield tag="600" ind1="1" ind2="4"><marc:subfield code="a">Ballard, J. G.</marc:subfield><marc:subfield code="1">http://viaf.org/viaf/9842556</marc:subfield></marc:datafield><marc:datafield tag="650" ind1=" " ind2="4"><marc:subfield code="a">romaani</marc:subfield><marc:subfield code="x">teema</marc:subfield><marc:subfield code="x">yhteiskunta</marc:subfield><marc:subfield code="z">Iso-Britannia</marc:subfield><marc:subfield code="y">1960-2000-luku</marc:subfield></marc:datafield><marc:datafield tag="773" ind1="0" ind2=" "><marc:subfield code="w">(FI-MELINDA)005621782</marc:subfield><marc:subfield code="7">nnam</marc:subfield><marc:subfield code="w">(FI-Arto)1452229</marc:subfield><marc:subfield code="t">Imperiumin perilliset : esseitä brittiläisestä nykykirjallisuudesta / Päivi Kosonen, Päivi Mäkirinta &amp; Eila Rantonen (toim.). -</marc:subfield><marc:subfield code="d">[Helsinki] : Avain, 2009. -</marc:subfield><marc:subfield code="z">978-952-5524-73-4. -</marc:subfield><marc:subfield code="g">S. 100-111</marc:subfield></marc:datafield></marc:record>