
<marc:record><marc:leader>01996cgm a22004097a 4500</marc:leader>
<marc:controlfield tag="001">14826036</marc:controlfield>
<marc:controlfield tag="003">SE-LIBR</marc:controlfield><marc:controlfield tag="005">20131220144609.0</marc:controlfield><marc:controlfield tag="007">vd |v||||              </marc:controlfield><marc:controlfield tag="008">131125s2010    sw 086 |     ||   v|eng|c</marc:controlfield><marc:datafield tag="024" ind1="3" ind2=" "><marc:subfield code="a">5051895065655</marc:subfield></marc:datafield><marc:datafield tag="028" ind1="4" ind2="1"><marc:subfield code="a">73737</marc:subfield></marc:datafield><marc:datafield tag="040" ind1=" " ind2=" "><marc:subfield code="a">Gbg</marc:subfield><marc:subfield code="d">Kld1</marc:subfield><marc:subfield code="e">a</marc:subfield></marc:datafield><marc:datafield tag="041" ind1=" " ind2=" "><marc:subfield code="a">eng</marc:subfield><marc:subfield code="a">ger</marc:subfield><marc:subfield code="a">spa</marc:subfield><marc:subfield code="j">dan</marc:subfield><marc:subfield code="j">fin</marc:subfield><marc:subfield code="j">nor</marc:subfield><marc:subfield code="j">swe</marc:subfield><marc:subfield code="j">eng</marc:subfield><marc:subfield code="j">ger</marc:subfield><marc:subfield code="j">spa</marc:subfield><marc:subfield code="j">por</marc:subfield><marc:subfield code="j">heb</marc:subfield><marc:subfield code="j">pol</marc:subfield><marc:subfield code="j">gre</marc:subfield><marc:subfield code="j">cze</marc:subfield><marc:subfield code="j">tur</marc:subfield><marc:subfield code="j">hun</marc:subfield><marc:subfield code="j">ice</marc:subfield><marc:subfield code="j">hrv</marc:subfield><marc:subfield code="j">fre</marc:subfield><marc:subfield code="j">ita</marc:subfield></marc:datafield><marc:datafield tag="082" ind1="0" ind2="4"><marc:subfield code="a">822</marc:subfield><marc:subfield code="2">22 (machine generated)</marc:subfield></marc:datafield><marc:datafield tag="083" ind1="0" ind2=" "><marc:subfield code="a">839.78</marc:subfield><marc:subfield code="2">22 (machine generated)</marc:subfield></marc:datafield><marc:datafield tag="084" ind1=" " ind2=" "><marc:subfield code="a">Hcee.025</marc:subfield><marc:subfield code="2">kssb/8</marc:subfield></marc:datafield><marc:datafield tag="084" ind1=" " ind2=" "><marc:subfield code="a">Hcee.025/VC</marc:subfield><marc:subfield code="2">kssb/8</marc:subfield></marc:datafield><marc:datafield tag="084" ind1=" " ind2=" "><marc:subfield code="a">He.025</marc:subfield><marc:subfield code="2">kssb/8</marc:subfield></marc:datafield><marc:datafield tag="084" ind1=" " ind2=" "><marc:subfield code="a">He.025/VC</marc:subfield><marc:subfield code="2">kssb/8</marc:subfield></marc:datafield><marc:datafield tag="130" ind1="1" ind2="0"><marc:subfield code="a">Empire of the sun</marc:subfield><marc:subfield code="1">http://viaf.org/viaf/293611582</marc:subfield></marc:datafield><marc:datafield tag="245" ind1="1" ind2="0"><marc:subfield code="a">Empire of the sun</marc:subfield><marc:subfield code="h">[Videoupptagning] /</marc:subfield><marc:subfield code="c">screenplay by Tom Stoppard ; directed by Steven Spielberg.</marc:subfield></marc:datafield><marc:datafield tag="246" ind1="1" ind2=" "><marc:subfield code="a">Solens rike</marc:subfield></marc:datafield><marc:datafield tag="246" ind1="1" ind2="1"><marc:subfield code="a">Solens rike</marc:subfield></marc:datafield><marc:datafield tag="264" ind1=" " ind2="1"><marc:subfield code="a">Solna :</marc:subfield><marc:subfield code="b">Warner Home Video.</marc:subfield><marc:subfield code="c">2010</marc:subfield></marc:datafield><marc:datafield tag="300" ind1=" " ind2=" "><marc:subfield code="a">1 DVD-Video</marc:subfield><marc:subfield code="b">ljud, färg</marc:subfield></marc:datafield><marc:datafield tag="336" ind1=" " ind2=" "><marc:subfield code="a">todimensjonalt levende bilde</marc:subfield><marc:subfield code="2">rdacontent</marc:subfield><marc:subfield code="0">http://rdaregistry.info/termList/RDAContentType/1023</marc:subfield></marc:datafield><marc:datafield tag="337" ind1=" " ind2=" "><marc:subfield code="a">video</marc:subfield><marc:subfield code="2">rdamedia</marc:subfield><marc:subfield code="0">http://rdaregistry.info/termList/RDAMediaType/1008</marc:subfield></marc:datafield><marc:datafield tag="338" ind1=" " ind2=" "><marc:subfield code="a">videoplate</marc:subfield><marc:subfield code="2">rdacarrier</marc:subfield><marc:subfield code="0">http://rdaregistry.info/termList/RDACarrierType/1060</marc:subfield></marc:datafield><marc:datafield tag="380" ind1=" " ind2=" "><marc:subfield code="a">filmverk</marc:subfield><marc:subfield code="0">https://schema.nb.no/Bibliographic/Values/V1002</marc:subfield></marc:datafield><marc:datafield tag="500" ind1=" " ind2=" "><marc:subfield code="a">Bygger på romanen: Solens rike av J.G. Ballard</marc:subfield></marc:datafield><marc:datafield tag="500" ind1=" " ind2=" "><marc:subfield code="a">Orginalfilmen: Warner Bros., cop. 1987</marc:subfield></marc:datafield><marc:datafield tag="511" ind1="1" ind2=" "><marc:subfield code="a">Skådespelare:  Christian Bale, John Malkovich, Miranda Richardson ...</marc:subfield></marc:datafield><marc:datafield tag="546" ind1=" " ind2=" "><marc:subfield code="a">Tal på engelska, tyska, spanska, textad på danska, finska, norska, svenska, engelska, tyska, spanska, portugisiska, hebreiska, polska, grekiska, tjeckiska, turkiska, ungerska, isländska, kroatiska, franska, italienska och engelska, samt tyska för hörselskadade</marc:subfield></marc:datafield><marc:datafield tag="655" ind1=" " ind2="7"><marc:subfield code="a">Drama (film)</marc:subfield><marc:subfield code="0">https://id.kb.se/term/saogf/Drama%20%28film%29</marc:subfield><marc:subfield code="2">saogf</marc:subfield></marc:datafield><marc:datafield tag="700" ind1="1" ind2=" "><marc:subfield code="a">Spielberg, Steven,</marc:subfield><marc:subfield code="d">1946-</marc:subfield><marc:subfield code="4">drt</marc:subfield><marc:subfield code="0">https://libris.kb.se/ljx14d04114nr45#it</marc:subfield></marc:datafield><marc:datafield tag="700" ind1="1" ind2=" "><marc:subfield code="a">Stoppard, Tom</marc:subfield><marc:subfield code="4">oth</marc:subfield></marc:datafield></marc:record>