
<marc:record><marc:leader>00729cam a22002294a 4500</marc:leader>
<marc:controlfield tag="001">11762251</marc:controlfield>
<marc:controlfield tag="003">SE-LIBR</marc:controlfield><marc:controlfield tag="005">20100209105536.0</marc:controlfield><marc:controlfield tag="008">100209s1988    xxk             0   eng c</marc:controlfield><marc:datafield tag="040" ind1=" " ind2=" "><marc:subfield code="a">Mo</marc:subfield></marc:datafield><marc:datafield tag="041" ind1="3" ind2="0"><marc:subfield code="a">eng</marc:subfield></marc:datafield><marc:datafield tag="082" ind1="0" ind2="4"><marc:subfield code="a">823</marc:subfield><marc:subfield code="2">22 (machine generated)</marc:subfield></marc:datafield><marc:datafield tag="084" ind1=" " ind2=" "><marc:subfield code="a">He.01</marc:subfield><marc:subfield code="2">kssb/8</marc:subfield></marc:datafield><marc:datafield tag="100" ind1="1" ind2=" "><marc:subfield code="a">Ballard, James Graham</marc:subfield><marc:subfield code="1">http://viaf.org/viaf/9842556</marc:subfield><marc:subfield code="4">http://rdaregistry.info/Elements/w/object/P10061</marc:subfield></marc:datafield><marc:datafield tag="240" ind1="1" ind2="0"><marc:subfield code="a">The day of creation</marc:subfield><marc:subfield code="1">http://viaf.org/viaf/308025936</marc:subfield></marc:datafield><marc:datafield tag="245" ind1="1" ind2="4"><marc:subfield code="a">The day of creation /</marc:subfield><marc:subfield code="c">J. G. Ballard</marc:subfield></marc:datafield><marc:datafield tag="260" ind1=" " ind2=" "><marc:subfield code="b">Charnwood</marc:subfield></marc:datafield><marc:datafield tag="440" ind1=" " ind2="0"><marc:subfield code="a">Charnwood large type</marc:subfield></marc:datafield><marc:datafield tag="440" ind1=" " ind2="0"><marc:subfield code="a">Charnwood library series</marc:subfield></marc:datafield><marc:datafield tag="500" ind1=" " ind2=" "><marc:subfield code="a">Originalupplaga 1987. Första upplaga i denna version 1988</marc:subfield></marc:datafield><marc:datafield tag="546" ind1=" " ind2=" "><marc:subfield code="5">Mo</marc:subfield><marc:subfield code="a">engelska</marc:subfield></marc:datafield><marc:datafield tag="655" ind1=" " ind2="4"><marc:subfield code="a">Bok</marc:subfield></marc:datafield></marc:record>