
<marc:record><marc:leader>01969cim a22003857a 4500</marc:leader>
<marc:controlfield tag="001">12593590</marc:controlfield>
<marc:controlfield tag="003">SE-LIBR</marc:controlfield><marc:controlfield tag="005">20170503185747.0</marc:controlfield><marc:controlfield tag="007">sd |||||||||||         </marc:controlfield><marc:controlfield tag="008">120229s2004    xxknn||e|||||||f  | eng|c</marc:controlfield><marc:datafield tag="024" ind1="7" ind2=" "><marc:subfield code="a">C01507</marc:subfield><marc:subfield code="2">MTM medienummer</marc:subfield></marc:datafield><marc:datafield tag="040" ind1=" " ind2=" "><marc:subfield code="a">Mtm</marc:subfield><marc:subfield code="e">a</marc:subfield></marc:datafield><marc:datafield tag="041" ind1=" " ind2=" "><marc:subfield code="a">eng</marc:subfield></marc:datafield><marc:datafield tag="042" ind1=" " ind2=" "><marc:subfield code="9">Mtm</marc:subfield></marc:datafield><marc:datafield tag="046" ind1=" " ind2=" "><marc:subfield code="a">m</marc:subfield><marc:subfield code="m">20000101</marc:subfield><marc:subfield code="n">20000301</marc:subfield></marc:datafield><marc:datafield tag="082" ind1="0" ind2="4"><marc:subfield code="a">823</marc:subfield><marc:subfield code="2">22 (machine generated)</marc:subfield></marc:datafield><marc:datafield tag="084" ind1=" " ind2=" "><marc:subfield code="a">He.01</marc:subfield><marc:subfield code="2">kssb/8</marc:subfield></marc:datafield><marc:datafield tag="084" ind1=" " ind2=" "><marc:subfield code="a">He.01/TC</marc:subfield><marc:subfield code="2">kssb/8</marc:subfield></marc:datafield><marc:datafield tag="100" ind1="1" ind2=" "><marc:subfield code="a">Ballard, James Graham</marc:subfield><marc:subfield code="1">http://viaf.org/viaf/9842556</marc:subfield><marc:subfield code="4">http://rdaregistry.info/Elements/w/object/P10061</marc:subfield></marc:datafield><marc:datafield tag="240" ind1="1" ind2="0"><marc:subfield code="a">High-rise</marc:subfield><marc:subfield code="1">http://viaf.org/viaf/308016990</marc:subfield></marc:datafield><marc:datafield tag="245" ind1="1" ind2="0"><marc:subfield code="a">High-rise</marc:subfield><marc:subfield code="h">[Ljudupptagning] /</marc:subfield><marc:subfield code="c">J. G. Ballard.</marc:subfield></marc:datafield><marc:datafield tag="264" ind1=" " ind2="1"><marc:subfield code="a">Peterborough :</marc:subfield><marc:subfield code="b">Royal National Institute for the Blind,</marc:subfield><marc:subfield code="c">2004</marc:subfield></marc:datafield><marc:datafield tag="300" ind1=" " ind2=" "><marc:subfield code="a">1 CD-R (7 tim.)</marc:subfield><marc:subfield code="b">mono</marc:subfield></marc:datafield><marc:datafield tag="336" ind1=" " ind2=" "><marc:subfield code="a">tale</marc:subfield><marc:subfield code="0">http://rdaregistry.info/termList/RDAContentType/1013</marc:subfield></marc:datafield><marc:datafield tag="337" ind1=" " ind2=" "><marc:subfield code="a">lydmedier</marc:subfield><marc:subfield code="0">http://rdaregistry.info/termList/RDAMediaType/1001</marc:subfield></marc:datafield><marc:datafield tag="338" ind1=" " ind2=" "><marc:subfield code="a">dataplate</marc:subfield><marc:subfield code="0">http://rdaregistry.info/termList/RDACarrierType/1013</marc:subfield></marc:datafield><marc:datafield tag="380" ind1=" " ind2=" "><marc:subfield code="a">Språkbasert verk</marc:subfield><marc:subfield code="1">https://schema.nb.no/Bibliographic/Values/V1000</marc:subfield></marc:datafield><marc:datafield tag="500" ind1=" " ind2=" "><marc:subfield code="a">Digital talbok (DAISY 2.02), ljud</marc:subfield></marc:datafield><marc:datafield tag="500" ind1=" " ind2=" "><marc:subfield code="a">Inläst ur: Cape, 1975. ISBN 0224011685</marc:subfield></marc:datafield><marc:datafield tag="506" ind1="1" ind2=" "><marc:subfield code="a">Tillgänglig för personer med läsnedsättning enligt § 17 Upphovsrättslagen</marc:subfield><marc:subfield code="u">http://www.mtm.se/om-oss/uppdrag-och-lagar/upphovsrattslagen/</marc:subfield></marc:datafield><marc:datafield tag="520" ind1=" " ind2=" "><marc:subfield code="a">Ett klasskrig utbryter i ett lyxigt bostadshus. Plötsligt blir hissarna våldsamma slagfält och cocktailbjudningarna urartar till plundringsräder på fiendevåningar. Tillvaron förvandlas när de tidigare fridsamma invånarna, nu styrda av primitiva drifter, återskapar en värld där djungelns lag råder</marc:subfield></marc:datafield><marc:datafield tag="655" ind1=" " ind2="4"><marc:subfield code="a">DAISY</marc:subfield></marc:datafield><marc:datafield tag="700" ind1="1" ind2=" "><marc:subfield code="a">Ruthven, Malcolm</marc:subfield><marc:subfield code="4">nrt</marc:subfield></marc:datafield><marc:datafield tag="776" ind1="0" ind2="8"><marc:subfield code="i">Inläst ur</marc:subfield><marc:subfield code="t">High-rise</marc:subfield><marc:subfield code="z">0224011685</marc:subfield></marc:datafield><marc:datafield tag="856" ind1="4" ind2="0"><marc:subfield code="5">Mtm</marc:subfield><marc:subfield code="u">http://www.legimus.se/work/redirect?MedieNr=C01507</marc:subfield><marc:subfield code="z">Ladda ner. Tillgänglig för personer med läsnedsättning enligt § 17 Upphovsrättslagen</marc:subfield></marc:datafield></marc:record>