
<marc:record><marc:leader>02698cam a22002897a 4500</marc:leader>
<marc:controlfield tag="001">10672413</marc:controlfield>
<marc:controlfield tag="003">SE-LIBR</marc:controlfield><marc:controlfield tag="005">20201019100819.0</marc:controlfield><marc:controlfield tag="008">080206s2007    xxk|||||||||||000 j|eng|c</marc:controlfield><marc:datafield tag="020" ind1=" " ind2=" "><marc:subfield code="a">0141188928</marc:subfield><marc:subfield code="q">pbk.</marc:subfield></marc:datafield><marc:datafield tag="020" ind1=" " ind2=" "><marc:subfield code="a">9780141188928</marc:subfield><marc:subfield code="q">pbk.</marc:subfield></marc:datafield><marc:datafield tag="040" ind1=" " ind2=" "><marc:subfield code="a">StDuBDS</marc:subfield><marc:subfield code="b">eng</marc:subfield><marc:subfield code="c">StDuBDS</marc:subfield><marc:subfield code="d">Q</marc:subfield><marc:subfield code="d">GBG</marc:subfield><marc:subfield code="e">a</marc:subfield></marc:datafield><marc:datafield tag="041" ind1=" " ind2=" "><marc:subfield code="a">eng</marc:subfield></marc:datafield><marc:datafield tag="082" ind1="0" ind2="4"><marc:subfield code="a">823.08762080914</marc:subfield><marc:subfield code="2">22</marc:subfield></marc:datafield><marc:datafield tag="084" ind1=" " ind2=" "><marc:subfield code="a">He.016</marc:subfield><marc:subfield code="2">kssb/8</marc:subfield></marc:datafield><marc:datafield tag="245" ind1="1" ind2="2"><marc:subfield code="a">A science fiction omnibus /</marc:subfield><marc:subfield code="c">edited by Brian Aldiss.</marc:subfield></marc:datafield><marc:datafield tag="264" ind1=" " ind2="1"><marc:subfield code="a">London :</marc:subfield><marc:subfield code="b">Penguin,</marc:subfield><marc:subfield code="c">2007</marc:subfield></marc:datafield><marc:datafield tag="300" ind1=" " ind2=" "><marc:subfield code="a">578 s.</marc:subfield><marc:subfield code="c">20 cm.</marc:subfield></marc:datafield><marc:datafield tag="336" ind1=" " ind2=" "><marc:subfield code="a">text</marc:subfield><marc:subfield code="b">txt</marc:subfield><marc:subfield code="2">rdacontent</marc:subfield></marc:datafield><marc:datafield tag="337" ind1=" " ind2=" "><marc:subfield code="a">unmediated</marc:subfield><marc:subfield code="b">n</marc:subfield><marc:subfield code="2">rdamedia</marc:subfield></marc:datafield><marc:datafield tag="338" ind1=" " ind2=" "><marc:subfield code="a">volume</marc:subfield><marc:subfield code="b">nc</marc:subfield><marc:subfield code="2">rdacarrier</marc:subfield></marc:datafield><marc:datafield tag="505" ind1="8" ind2=" "><marc:subfield code="t">Lot /</marc:subfield><marc:subfield code="r">Ward Moore --</marc:subfield><marc:subfield code="t">Skirmish /</marc:subfield><marc:subfield code="r">Clifford Simak --</marc:subfield><marc:subfield code="t">And I awoke and found me here on the cold hill's side /</marc:subfield><marc:subfield code="r">James Tiptree, Jr. --</marc:subfield><marc:subfield code="t">Poor little warrior! /</marc:subfield><marc:subfield code="r">Brian Aldiss --</marc:subfield><marc:subfield code="t">Grandpa /</marc:subfield><marc:subfield code="r">James H. Schmitz --</marc:subfield><marc:subfield code="t">Nightfall /</marc:subfield><marc:subfield code="r">Isaac Asimov --</marc:subfield><marc:subfield code="t">The snowball effect /</marc:subfield><marc:subfield code="r">Katherine MacLean --</marc:subfield><marc:subfield code="t">Swarm /</marc:subfield><marc:subfield code="r">Bruce Sterling --</marc:subfield><marc:subfield code="t">Blood music /</marc:subfield><marc:subfield code="r">Greg Bear --</marc:subfield><marc:subfield code="t">Answer /</marc:subfield><marc:subfield code="r">Fredric Brown --</marc:subfield><marc:subfield code="t">The liberation of Earth /</marc:subfield><marc:subfield code="r">William Tenn --</marc:subfield><marc:subfield code="t">An alien agony /</marc:subfield><marc:subfield code="r">Harry Harrison --</marc:subfield><marc:subfield code="t">Track 12 /</marc:subfield><marc:subfield code="r">J. G. Ballard --</marc:subfield><marc:subfield code="t">Sexual dimorphism /</marc:subfield><marc:subfield code="r">Kim Stanley Robinson --</marc:subfield><marc:subfield code="t">The tunnel under the world /</marc:subfield><marc:subfield code="r">Frederik Pohl --</marc:subfield><marc:subfield code="t">Friends in need /</marc:subfield><marc:subfield code="r">Eliza Blair --</marc:subfield><marc:subfield code="t">The story of the worlds /</marc:subfield><marc:subfield code="r">Robert Sheckley --</marc:subfield><marc:subfield code="t">Jokester /</marc:subfield><marc:subfield code="r">Isaac Asimov --</marc:subfield><marc:subfield code="t">The short-short story of mankind /</marc:subfield><marc:subfield code="r">John Steinbeck --</marc:subfield><marc:subfield code="t">Night watch /</marc:subfield><marc:subfield code="r">James Inglis --</marc:subfield><marc:subfield code="t">Story of your life /</marc:subfield><marc:subfield code="r">Ted Chiang --</marc:subfield><marc:subfield code="t">Protected species /</marc:subfield><marc:subfield code="r">H. B. Fyfe --</marc:subfield><marc:subfield code="t">The rescuer /</marc:subfield><marc:subfield code="r">Arthur Porges --</marc:subfield><marc:subfield code="t">I made you /</marc:subfield><marc:subfield code="r">Walter M. Miller, Jr. --</marc:subfield><marc:subfield code="t">The country of the kind /</marc:subfield><marc:subfield code="r">Damon Knight --</marc:subfield><marc:subfield code="t">The cage /</marc:subfield><marc:subfield code="r">Bertram Chandler --</marc:subfield><marc:subfield code="t">Fulfilment /</marc:subfield><marc:subfield code="r">A. E. van Vogt --</marc:subfield><marc:subfield code="t">Common time /</marc:subfield><marc:subfield code="r">James Blish --</marc:subfield><marc:subfield code="t">Alien embassy /</marc:subfield><marc:subfield code="r">Garry Kilworth --</marc:subfield><marc:subfield code="t">Great work of time /</marc:subfield><marc:subfield code="r">John Crowley.</marc:subfield></marc:datafield><marc:datafield tag="520" ind1=" " ind2=" "><marc:subfield code="a">This edition brings together a diverse selection of science fiction spanning over sixty years, from Isaac Asimov's &quot;Nightfall&quot;, first published in 1941, to the 2006 story &quot;Friends in Need&quot; by Eliza Blair. Including authors such as Clifford Simak, Harry Harrison, Bruce Sterling, A. E. Van Vogt and Brian Aldiss himself, these stories portray struggles against machines, epic journeys, genetic experiments, time travellers and alien races. From stories set on Earth, to uncanny far distant worlds and ancient burnt-out suns, the one constant is humanity itself, compelled by an often fatal curiosity to explore the boundless frontiers of time, space and probability.</marc:subfield></marc:datafield><marc:datafield tag="650" ind1=" " ind2="0"><marc:subfield code="a">Science fiction, American</marc:subfield></marc:datafield><marc:datafield tag="650" ind1=" " ind2="0"><marc:subfield code="a">Science fiction, English</marc:subfield></marc:datafield><marc:datafield tag="655" ind1=" " ind2="7"><marc:subfield code="a">Science fiction</marc:subfield><marc:subfield code="0">https://id.kb.se/term/saogf/Science%20fiction</marc:subfield><marc:subfield code="2">saogf</marc:subfield></marc:datafield><marc:datafield tag="700" ind1="1" ind2=" "><marc:subfield code="a">Aldiss, Brian W.,</marc:subfield><marc:subfield code="d">1925-2017</marc:subfield><marc:subfield code="4">edt</marc:subfield><marc:subfield code="0">https://libris.kb.se/sq47b23b4m1qhtb#it</marc:subfield></marc:datafield></marc:record>