
<marc:record><marc:leader>04943cam a2200541 i 4500</marc:leader>
<marc:controlfield tag="001">w6pswhrwt459j7j9</marc:controlfield>
<marc:controlfield tag="003">SE-LIBR</marc:controlfield><marc:controlfield tag="005">20200212084316.0</marc:controlfield><marc:controlfield tag="008">191030s2010    ctu||||||b||||000 j|eng|c</marc:controlfield><marc:datafield tag="010" ind1=" " ind2=" "><marc:subfield code="a">2009053144</marc:subfield></marc:datafield><marc:datafield tag="015" ind1=" " ind2=" "><marc:subfield code="a">GBB179884</marc:subfield><marc:subfield code="2">bnb</marc:subfield></marc:datafield><marc:datafield tag="016" ind1="7" ind2=" "><marc:subfield code="a">015652170</marc:subfield><marc:subfield code="2">Uk</marc:subfield></marc:datafield><marc:datafield tag="020" ind1=" " ind2=" "><marc:subfield code="a">0819569542</marc:subfield><marc:subfield code="q">(cloth ;</marc:subfield><marc:subfield code="q">alk. paper)</marc:subfield></marc:datafield><marc:datafield tag="020" ind1=" " ind2=" "><marc:subfield code="a">0819569550</marc:subfield><marc:subfield code="q">(pbk. ;</marc:subfield><marc:subfield code="q">alk. paper)</marc:subfield></marc:datafield><marc:datafield tag="020" ind1=" " ind2=" "><marc:subfield code="a">9780819569547</marc:subfield><marc:subfield code="q">(cloth ;</marc:subfield><marc:subfield code="q">alk. paper)</marc:subfield></marc:datafield><marc:datafield tag="020" ind1=" " ind2=" "><marc:subfield code="a">9780819569554</marc:subfield><marc:subfield code="q">(pbk. ;</marc:subfield><marc:subfield code="q">alk. paper)</marc:subfield></marc:datafield><marc:datafield tag="040" ind1=" " ind2=" "><marc:subfield code="a">H</marc:subfield><marc:subfield code="b">eng</marc:subfield><marc:subfield code="c">DLC</marc:subfield><marc:subfield code="d">YDX</marc:subfield><marc:subfield code="d">YDXCP</marc:subfield><marc:subfield code="d">CDX</marc:subfield><marc:subfield code="d">NYP</marc:subfield><marc:subfield code="d">UUC</marc:subfield><marc:subfield code="d">LTP</marc:subfield><marc:subfield code="d">JAO</marc:subfield><marc:subfield code="d">BWX</marc:subfield><marc:subfield code="d">OEL</marc:subfield><marc:subfield code="d">FER</marc:subfield><marc:subfield code="d">UKMGB</marc:subfield><marc:subfield code="d">MIX</marc:subfield><marc:subfield code="d">BDX</marc:subfield><marc:subfield code="d">LMR</marc:subfield><marc:subfield code="d">OCLCF</marc:subfield><marc:subfield code="d">P4I</marc:subfield><marc:subfield code="d">CHVBK</marc:subfield><marc:subfield code="d">OCLCQ</marc:subfield><marc:subfield code="d">MNA</marc:subfield><marc:subfield code="d">OCLCO</marc:subfield><marc:subfield code="d">OCL</marc:subfield><marc:subfield code="d">NTX</marc:subfield><marc:subfield code="d">XFH</marc:subfield><marc:subfield code="d">SFR</marc:subfield><marc:subfield code="d">OCLCQ</marc:subfield><marc:subfield code="d">L2U</marc:subfield><marc:subfield code="d">MIH</marc:subfield><marc:subfield code="d">OCLCQ</marc:subfield><marc:subfield code="d">OCLCO</marc:subfield><marc:subfield code="d">DEHBZ</marc:subfield><marc:subfield code="d">OCLCQ</marc:subfield><marc:subfield code="d">SNN</marc:subfield><marc:subfield code="d">OCLCQ</marc:subfield><marc:subfield code="d">WLU</marc:subfield><marc:subfield code="d">OCLCO</marc:subfield><marc:subfield code="d">LMJ</marc:subfield><marc:subfield code="d">OCLCO</marc:subfield><marc:subfield code="d">GZW</marc:subfield><marc:subfield code="d">OCLCO</marc:subfield><marc:subfield code="d">NZAUC</marc:subfield><marc:subfield code="d">OCLCO</marc:subfield><marc:subfield code="d">COC</marc:subfield><marc:subfield code="d">H</marc:subfield><marc:subfield code="e">i</marc:subfield><marc:subfield code="e">rda</marc:subfield></marc:datafield><marc:datafield tag="041" ind1=" " ind2=" "><marc:subfield code="a">eng</marc:subfield></marc:datafield><marc:datafield tag="050" ind1=" " ind2="0"><marc:subfield code="a">PS648.S3</marc:subfield></marc:datafield><marc:datafield tag="082" ind1="0" ind2="4"><marc:subfield code="a">813.0876208</marc:subfield><marc:subfield code="2">23/swe</marc:subfield></marc:datafield><marc:datafield tag="084" ind1=" " ind2=" "><marc:subfield code="a">He.016(s)</marc:subfield><marc:subfield code="2">kssb/8</marc:subfield></marc:datafield><marc:datafield tag="245" ind1="1" ind2="4"><marc:subfield code="a">The Wesleyan anthology of science fiction /</marc:subfield><marc:subfield code="c">edited by Arthur B. Evans [och fem andra].</marc:subfield></marc:datafield><marc:datafield tag="246" ind1="1" ind2="0"><marc:subfield code="a">Anthology of science fiction</marc:subfield></marc:datafield><marc:datafield tag="264" ind1=" " ind2="1"><marc:subfield code="a">Middletown, Conn.</marc:subfield><marc:subfield code="b">Wesleyan University Press,</marc:subfield><marc:subfield code="c">[2010]</marc:subfield></marc:datafield><marc:datafield tag="264" ind1=" " ind2="4"><marc:subfield code="c">©2010</marc:subfield></marc:datafield><marc:datafield tag="300" ind1=" " ind2=" "><marc:subfield code="a">xviii, 767 pages</marc:subfield><marc:subfield code="c">25 cm</marc:subfield></marc:datafield><marc:datafield tag="336" ind1=" " ind2=" "><marc:subfield code="a">text</marc:subfield><marc:subfield code="b">txt</marc:subfield><marc:subfield code="2">rdacontent</marc:subfield></marc:datafield><marc:datafield tag="337" ind1=" " ind2=" "><marc:subfield code="a">unmediated</marc:subfield><marc:subfield code="b">n</marc:subfield><marc:subfield code="2">rdamedia</marc:subfield></marc:datafield><marc:datafield tag="338" ind1=" " ind2=" "><marc:subfield code="a">volume</marc:subfield><marc:subfield code="b">nc</marc:subfield><marc:subfield code="2">rdacarrier</marc:subfield></marc:datafield><marc:datafield tag="504" ind1=" " ind2=" "><marc:subfield code="a">Includes bibliographical references.</marc:subfield></marc:datafield><marc:datafield tag="505" ind1="8" ind2=" "><marc:subfield code="t">Rappaccini's daughter /</marc:subfield><marc:subfield code="r">Nathaniel Hawthorne --</marc:subfield><marc:subfield code="t">Journey to the center of the earth /</marc:subfield><marc:subfield code="r">Jules Verne --</marc:subfield><marc:subfield code="t">Star /</marc:subfield><marc:subfield code="r">H.G. Wells --</marc:subfield><marc:subfield code="t">Machine stops /</marc:subfield><marc:subfield code="r">E.M. Forster --</marc:subfield><marc:subfield code="t">Man who evolved /</marc:subfield><marc:subfield code="r">Edmond Hamilton --</marc:subfield><marc:subfield code="t">Conquest of Gola /</marc:subfield><marc:subfield code="r">Leslie F. Stone --</marc:subfield><marc:subfield code="t">Shambleau /</marc:subfield><marc:subfield code="r">C.L. Moore --</marc:subfield><marc:subfield code="t">Martian odyssey /</marc:subfield><marc:subfield code="r">Stanley Weinbaum --</marc:subfield><marc:subfield code="t">Reason /</marc:subfield><marc:subfield code="r">Issac Asimov --</marc:subfield><marc:subfield code="t">Desertion /</marc:subfield><marc:subfield code="r">Clifford D. Simak --</marc:subfield><marc:subfield code="t">Thunder and roses /</marc:subfield><marc:subfield code="r">Theodore Sturgeon --</marc:subfield><marc:subfield code="t">That only a mother /</marc:subfield><marc:subfield code="r">Judith Merril --</marc:subfield><marc:subfield code="t">Coming attraction /</marc:subfield><marc:subfield code="r">Fritz Leiber --</marc:subfield><marc:subfield code="t">There will come soft rains /</marc:subfield><marc:subfield code="r">Ray Bradbury --</marc:subfield><marc:subfield code="t">Sentinel /</marc:subfield><marc:subfield code="r">Arthur C. Clarke --</marc:subfield><marc:subfield code="t">Specialist /</marc:subfield><marc:subfield code="r">Robert Sheckley --</marc:subfield><marc:subfield code="t">Liberation of earth /</marc:subfield><marc:subfield code="r">William Tenn --</marc:subfield><marc:subfield code="t">Fondly fahrenheit /</marc:subfield><marc:subfield code="r">Alfred Bester --</marc:subfield><marc:subfield code="t">Golem /</marc:subfield><marc:subfield code="r">Avram Davidson --</marc:subfield><marc:subfield code="t">Game of rat and dragon /</marc:subfield><marc:subfield code="r">Cordwainer Smith --</marc:subfield><marc:subfield code="t">All you zombies /</marc:subfield><marc:subfield code="r">Robert A. Heinlein --</marc:subfield><marc:subfield code="t">Cage of sand /</marc:subfield><marc:subfield code="r">J.G. Ballard --</marc:subfield><marc:subfield code="t">Slow tuesday night /</marc:subfield><marc:subfield code="r">R.A. Lafferty --</marc:subfield><marc:subfield code="t">Repent, Harlequin! Said the ticktockman /</marc:subfield><marc:subfield code="r">Harlan Ellison --</marc:subfield><marc:subfield code="t">Day million /</marc:subfield><marc:subfield code="r">Frederik Pohl --</marc:subfield><marc:subfield code="t">We can remember it for you wholesale /</marc:subfield><marc:subfield code="r">Philip K. Dick --</marc:subfield><marc:subfield code="t">Aye, and Gomorrah ... /</marc:subfield><marc:subfield code="r">Samuel R. Delany --</marc:subfield><marc:subfield code="t">Heat death of the universe /</marc:subfield><marc:subfield code="r">Pamela Zoline --</marc:subfield><marc:subfield code="t">Passengers /</marc:subfield><marc:subfield code="r">Robert Silverberg --</marc:subfield><marc:subfield code="t">Super-toys last all summer long /</marc:subfield><marc:subfield code="r">Brian Aldiss --</marc:subfield><marc:subfield code="t">Nine lives /</marc:subfield><marc:subfield code="r">Ursula K. Le Guin --</marc:subfield><marc:subfield code="t">Seed stock /</marc:subfield><marc:subfield code="r">Frank Herbert --</marc:subfield><marc:subfield code="t">Seventh voyage from the star diaries /</marc:subfield><marc:subfield code="r">Stanislaw Lem --</marc:subfield><marc:subfield code="t">When it changed /</marc:subfield><marc:subfield code="r">Joanna Russ --</marc:subfield><marc:subfield code="t">I awoke and found me here on the cold hill's side /</marc:subfield><marc:subfield code="r">James Tiptree Jr. --</marc:subfield><marc:subfield code="t">Air raid /</marc:subfield><marc:subfield code="r">John Varley --</marc:subfield><marc:subfield code="t">Abominable /</marc:subfield><marc:subfield code="r">Caol Emshwiller --</marc:subfield><marc:subfield code="t">Burning chrome /</marc:subfield><marc:subfield code="r">William Gibson --</marc:subfield><marc:subfield code="t">Speech sounds /</marc:subfield><marc:subfield code="r">Octavia E. Bulter --</marc:subfield><marc:subfield code="t">Out of all them bright stars /</marc:subfield><marc:subfield code="r">Nancy Kress --</marc:subfield><marc:subfield code="t">Pretty boy crossover /</marc:subfield><marc:subfield code="r">Pat Cadigan --</marc:subfield><marc:subfield code="t">Forever yours, Anna /</marc:subfield><marc:subfield code="r">Kate Wilhelm --</marc:subfield><marc:subfield code="t">We see things differently /</marc:subfield><marc:subfield code="r">Bruce Sterling --</marc:subfield><marc:subfield code="t">Chippoke Na Gomi /</marc:subfield><marc:subfield code="r">Misha Nogha --</marc:subfield><marc:subfield code="t">Computer friendly /</marc:subfield><marc:subfield code="r">Eileen Gunn --</marc:subfield><marc:subfield code="t">Invaders /</marc:subfield><marc:subfield code="r">John Kessel --</marc:subfield><marc:subfield code="t">Useful phrases /</marc:subfield><marc:subfield code="r">Gene Wolfe --</marc:subfield><marc:subfield code="t">Closer ;</marc:subfield><marc:subfield code="t">Think like a dinosaur /</marc:subfield><marc:subfield code="r">James Patrick Kelly --</marc:subfield><marc:subfield code="t">Everywhere /</marc:subfield><marc:subfield code="r">Geoff Ryman --</marc:subfield><marc:subfield code="t">Rogue farm /</marc:subfield><marc:subfield code="r">Charles Stross --</marc:subfield><marc:subfield code="t">Exhalation /</marc:subfield><marc:subfield code="r">Ted Chiang.</marc:subfield></marc:datafield><marc:datafield tag="520" ind1=" " ind2=" "><marc:subfield code="a">&quot;Features over a 150 years' worth of the best science fiction ever collected in a single volume. The fifty-two stories and critical introductions are organized chronologically as well as thematically for classroom use. Filled with luminous ideas, otherworldly adventures, and startling futuristic speculations, these stories will appeal to all readers as they chart the emergence and evolution of science fiction as a modern literary genre. They also provide a fascinating look at how our Western technoculture has imaginatively expressed its hopes and fears from the Industrial Revolution of the nineteenth century to the digital age of today&quot;--Publisher website.</marc:subfield></marc:datafield><marc:datafield tag="650" ind1=" " ind2="0"><marc:subfield code="a">Science fiction, American</marc:subfield></marc:datafield><marc:datafield tag="650" ind1=" " ind2="0"><marc:subfield code="a">Science fiction, American.</marc:subfield></marc:datafield><marc:datafield tag="650" ind1=" " ind2="0"><marc:subfield code="a">Science fiction, English</marc:subfield></marc:datafield><marc:datafield tag="650" ind1=" " ind2="0"><marc:subfield code="a">Science fiction, English.</marc:subfield></marc:datafield><marc:datafield tag="650" ind1=" " ind2="7"><marc:subfield code="a">Amerikansk science fiction</marc:subfield><marc:subfield code="0">https://id.kb.se/term/sao/Amerikansk%20science%20fiction</marc:subfield><marc:subfield code="2">sao</marc:subfield></marc:datafield><marc:datafield tag="650" ind1=" " ind2="7"><marc:subfield code="a">Engelsk science fiction</marc:subfield><marc:subfield code="0">https://id.kb.se/term/sao/Engelsk%20science%20fiction</marc:subfield><marc:subfield code="2">sao</marc:subfield></marc:datafield><marc:datafield tag="655" ind1=" " ind2="4"><marc:subfield code="a">Science fiction genre.</marc:subfield></marc:datafield><marc:datafield tag="655" ind1=" " ind2="7"><marc:subfield code="a">Noveller</marc:subfield><marc:subfield code="0">https://id.kb.se/term/saogf/Noveller</marc:subfield><marc:subfield code="2">saogf</marc:subfield></marc:datafield><marc:datafield tag="655" ind1=" " ind2="7"><marc:subfield code="a">Samlingsverk</marc:subfield><marc:subfield code="0">https://id.kb.se/term/saogf/Samlingsverk</marc:subfield><marc:subfield code="2">saogf</marc:subfield></marc:datafield><marc:datafield tag="655" ind1=" " ind2="7"><marc:subfield code="a">Science fiction</marc:subfield><marc:subfield code="0">https://id.kb.se/term/saogf/Science%20fiction</marc:subfield><marc:subfield code="2">saogf</marc:subfield></marc:datafield><marc:datafield tag="655" ind1=" " ind2="7"><marc:subfield code="a">Science ficton.</marc:subfield><marc:subfield code="2">gsafd</marc:subfield></marc:datafield><marc:datafield tag="655" ind1=" " ind2="7"><marc:subfield code="a">Short stories.</marc:subfield><marc:subfield code="2">gsafd</marc:subfield></marc:datafield><marc:datafield tag="655" ind1=" " ind2="7"><marc:subfield code="a">Short stories.</marc:subfield><marc:subfield code="2">lcgft</marc:subfield></marc:datafield><marc:datafield tag="700" ind1="1" ind2=" "><marc:subfield code="a">Evans, Arthur B.</marc:subfield><marc:subfield code="4">edt</marc:subfield></marc:datafield><marc:datafield tag="710" ind1="2" ind2=" "><marc:subfield code="a">Wesleyan University (Middletown, Conn.).</marc:subfield><marc:subfield code="b">Press.</marc:subfield></marc:datafield><marc:datafield tag="866" ind1=" " ind2=" "><marc:subfield code="5">Btj</marc:subfield><marc:subfield code="a">ORG=0111; BM=B</marc:subfield><marc:subfield code="x">056</marc:subfield></marc:datafield></marc:record>