
<marc:record><marc:leader>01661cgm a22003497a 4500</marc:leader>
<marc:controlfield tag="001">19767642</marc:controlfield>
<marc:controlfield tag="003">SE-LIBR</marc:controlfield><marc:controlfield tag="005">20170826134102.0</marc:controlfield><marc:controlfield tag="008">161018s2016    sw 113 |     ||   m|eng|c</marc:controlfield><marc:datafield tag="024" ind1="3" ind2=" "><marc:subfield code="a">5706168998597</marc:subfield></marc:datafield><marc:datafield tag="024" ind1="3" ind2=" "><marc:subfield code="a">5706168999655</marc:subfield></marc:datafield><marc:datafield tag="040" ind1=" " ind2=" "><marc:subfield code="a">Vasb</marc:subfield><marc:subfield code="e">a</marc:subfield></marc:datafield><marc:datafield tag="041" ind1=" " ind2=" "><marc:subfield code="a">eng</marc:subfield><marc:subfield code="j">dan</marc:subfield><marc:subfield code="j">nor</marc:subfield><marc:subfield code="j">swe</marc:subfield><marc:subfield code="j">fin</marc:subfield></marc:datafield><marc:datafield tag="082" ind1="0" ind2="4"><marc:subfield code="a">822</marc:subfield><marc:subfield code="2">22 (machine generated)</marc:subfield></marc:datafield><marc:datafield tag="084" ind1=" " ind2=" "><marc:subfield code="a">He.025</marc:subfield><marc:subfield code="2">kssb/8</marc:subfield></marc:datafield><marc:datafield tag="084" ind1=" " ind2=" "><marc:subfield code="a">He.025/VC</marc:subfield><marc:subfield code="2">kssb/8</marc:subfield></marc:datafield><marc:datafield tag="245" ind1="1" ind2="0"><marc:subfield code="a">High-rise</marc:subfield><marc:subfield code="h">[Videoupptagning] /</marc:subfield><marc:subfield code="c">a film by Ben Wheatley ; written by Amy Jump ; directed by Ben Wheatley ; produced by Jeremy Thomas.</marc:subfield></marc:datafield><marc:datafield tag="264" ind1=" " ind2="1"><marc:subfield code="a">Stockholm :</marc:subfield><marc:subfield code="b">Universal Sony Pictures Home Entertainment Nordic,</marc:subfield><marc:subfield code="c">2017</marc:subfield></marc:datafield><marc:datafield tag="264" ind1=" " ind2="1"><marc:subfield code="c">2016</marc:subfield></marc:datafield><marc:datafield tag="300" ind1=" " ind2=" "><marc:subfield code="a">1 DVD-Video (1 tim., 53 min.)</marc:subfield><marc:subfield code="b">ljud, färg</marc:subfield></marc:datafield><marc:datafield tag="500" ind1=" " ind2=" "><marc:subfield code="a">Bygger på romanen: High-rise / J.G. Ballard. - Originalfilmen: High-Rise ; The British Film Institute ; Channel Four Television, cop. 2015.</marc:subfield></marc:datafield><marc:datafield tag="500" ind1=" " ind2=" "><marc:subfield code="a">Innehåller även: Bringing Ballard to the big screen.</marc:subfield></marc:datafield><marc:datafield tag="511" ind1="0" ind2=" "><marc:subfield code="a">Skådespelare: Tom Hiddleston, Jeremy Irons, Sienna Miller, Luke Evans, Elisabeth Moss, James Purefoy, Keeley Hawes...</marc:subfield></marc:datafield><marc:datafield tag="538" ind1=" " ind2=" "><marc:subfield code="a">Region 2; bildformat: 16:9 widescreen (2.35:1); ljudformat: Dolby digital 5.1</marc:subfield></marc:datafield><marc:datafield tag="546" ind1=" " ind2=" "><marc:subfield code="a">Tal på engelska, textad på svenska, norska, danska och finska.</marc:subfield></marc:datafield><marc:datafield tag="655" ind1=" " ind2="7"><marc:subfield code="a">Drama (film)</marc:subfield><marc:subfield code="0">https://id.kb.se/term/saogf/Drama%20%28film%29</marc:subfield><marc:subfield code="2">saogf</marc:subfield></marc:datafield><marc:datafield tag="655" ind1=" " ind2="7"><marc:subfield code="a">Thrillers (film)</marc:subfield><marc:subfield code="0">https://id.kb.se/term/saogf/Thrillers%20%28film%29</marc:subfield><marc:subfield code="2">saogf</marc:subfield></marc:datafield><marc:datafield tag="700" ind1="1" ind2=" "><marc:subfield code="a">Jansson, Thomas</marc:subfield><marc:subfield code="4">trl</marc:subfield></marc:datafield><marc:datafield tag="700" ind1="1" ind2=" "><marc:subfield code="a">Mansell, Clint</marc:subfield><marc:subfield code="4">msd</marc:subfield></marc:datafield><marc:datafield tag="700" ind1="1" ind2=" "><marc:subfield code="a">Rose, Laurie</marc:subfield><marc:subfield code="4">pht</marc:subfield></marc:datafield><marc:datafield tag="700" ind1="1" ind2=" "><marc:subfield code="a">Wheatley, Ben</marc:subfield><marc:subfield code="4">drt</marc:subfield></marc:datafield><marc:datafield tag="758" ind1=" " ind2=" "><marc:subfield code="a">High-rise</marc:subfield><marc:subfield code="1">http://viaf.org/viaf/308016990</marc:subfield><marc:subfield code="4">http://rdaregistry.info/Elements/w/object/P10129</marc:subfield></marc:datafield></marc:record>