
<marc:record><marc:leader>03429cam a22005053a 4500</marc:leader>
<marc:controlfield tag="001">12517647</marc:controlfield>
<marc:controlfield tag="003">SE-LIBR</marc:controlfield><marc:controlfield tag="005">20150217223719.0</marc:controlfield><marc:controlfield tag="007">cr |||   |||||         </marc:controlfield><marc:controlfield tag="008">120131s2010    xxk|||||o|||||000 0|eng|d</marc:controlfield><marc:datafield tag="020" ind1=" " ind2=" "><marc:subfield code="a">0230106218</marc:subfield><marc:subfield code="c">£61.69</marc:subfield></marc:datafield><marc:datafield tag="020" ind1=" " ind2=" "><marc:subfield code="a">9780230106215</marc:subfield><marc:subfield code="c">£61.69</marc:subfield></marc:datafield><marc:datafield tag="020" ind1=" " ind2=" "><marc:subfield code="z">9780230621510 (Print)</marc:subfield></marc:datafield><marc:datafield tag="040" ind1=" " ind2=" "><marc:subfield code="a">UK-WkNB</marc:subfield><marc:subfield code="b">eng</marc:subfield><marc:subfield code="c">UK-WkNB</marc:subfield><marc:subfield code="e">a</marc:subfield></marc:datafield><marc:datafield tag="041" ind1=" " ind2=" "><marc:subfield code="a">eng</marc:subfield></marc:datafield><marc:datafield tag="072" ind1=" " ind2="7"><marc:subfield code="a">DSBH</marc:subfield><marc:subfield code="2">bicssc</marc:subfield></marc:datafield><marc:datafield tag="072" ind1=" " ind2="7"><marc:subfield code="a">DSK</marc:subfield><marc:subfield code="2">bicssc</marc:subfield></marc:datafield><marc:datafield tag="072" ind1=" " ind2="7"><marc:subfield code="a">LIT</marc:subfield><marc:subfield code="2">eflch</marc:subfield></marc:datafield><marc:datafield tag="082" ind1="0" ind2="4"><marc:subfield code="a">823.087609</marc:subfield><marc:subfield code="2">22</marc:subfield></marc:datafield><marc:datafield tag="100" ind1="1" ind2=" "><marc:subfield code="a">Youngquist, Paul.</marc:subfield><marc:subfield code="4">aut</marc:subfield><marc:subfield code="1">http://viaf.org/viaf/61674385</marc:subfield><marc:subfield code="4">http://rdaregistry.info/Elements/w/object/P10061</marc:subfield></marc:datafield><marc:datafield tag="240" ind1=" " ind2=" "><marc:subfield code="a">Cyberfiction</marc:subfield><marc:subfield code="1">http://viaf.org/viaf/61674385/cyberfiction</marc:subfield></marc:datafield><marc:datafield tag="245" ind1="1" ind2="0"><marc:subfield code="a">Cyberfiction</marc:subfield><marc:subfield code="h">[Elektronisk resurs]</marc:subfield><marc:subfield code="b">After the future /</marc:subfield><marc:subfield code="c">Paul Youngquist.</marc:subfield></marc:datafield><marc:datafield tag="264" ind1=" " ind2="1"><marc:subfield code="a">Basingstoke :</marc:subfield><marc:subfield code="b">Palgrave Macmillan,</marc:subfield><marc:subfield code="c">2010</marc:subfield></marc:datafield><marc:datafield tag="300" ind1=" " ind2=" "><marc:subfield code="a">272 p.</marc:subfield></marc:datafield><marc:datafield tag="336" ind1=" " ind2=" "><marc:subfield code="a">tekst</marc:subfield><marc:subfield code="0">http://rdaregistry.info/termList/RDAContentType/1020</marc:subfield></marc:datafield><marc:datafield tag="337" ind1=" " ind2=" "><marc:subfield code="a">datamaskin</marc:subfield><marc:subfield code="0">http://rdaregistry.info/termList/RDAMediaType/1007</marc:subfield></marc:datafield><marc:datafield tag="338" ind1=" " ind2=" "><marc:subfield code="a">online ressurs</marc:subfield><marc:subfield code="0">http://rdaregistry.info/termList/RDACarrierType/1018</marc:subfield></marc:datafield><marc:datafield tag="380" ind1=" " ind2=" "><marc:subfield code="a">Språkbasert verk</marc:subfield><marc:subfield code="1">https://schema.nb.no/Bibliographic/Values/V1000</marc:subfield></marc:datafield><marc:datafield tag="365" ind1=" " ind2=" "><marc:subfield code="a">02</marc:subfield><marc:subfield code="b">61.69</marc:subfield><marc:subfield code="c">GBP</marc:subfield><marc:subfield code="d">00</marc:subfield><marc:subfield code="h">S 51.41 20.0 61.69 10.28</marc:subfield><marc:subfield code="j">GB</marc:subfield><marc:subfield code="k">xxk</marc:subfield><marc:subfield code="m">Palgrave Macmillan</marc:subfield><marc:subfield code="2">onix-pt</marc:subfield></marc:datafield><marc:datafield tag="366" ind1=" " ind2=" "><marc:subfield code="b">20100330</marc:subfield><marc:subfield code="c">IP 20100707</marc:subfield><marc:subfield code="j">GB</marc:subfield><marc:subfield code="k">xxk</marc:subfield><marc:subfield code="m">Palgrave Macmillan</marc:subfield><marc:subfield code="2">UK-WkNB</marc:subfield></marc:datafield><marc:datafield tag="500" ind1=" " ind2=" "><marc:subfield code="a">Electronic book text.</marc:subfield></marc:datafield><marc:datafield tag="500" ind1=" " ind2=" "><marc:subfield code="a">Originally published in: 2010.</marc:subfield></marc:datafield><marc:datafield tag="505" ind1="8" ind2=" "><marc:subfield code="a">A Preface to Apocalypse * PART I: Yesterday's Tomorrow * Fictions of Science * Speculative Futures * Cyberfiction * PART II: Other Space * Crash Body * Score, Scan, Schiz * Queer Science * Space Machine * PART III: Afterlife * Interstellar Low Ways * We Can Breed You * Stealth.</marc:subfield></marc:datafield><marc:datafield tag="516" ind1=" " ind2=" "><marc:subfield code="a">Document</marc:subfield></marc:datafield><marc:datafield tag="520" ind1=" " ind2=" "><marc:subfield code="b">This book traces the rise of cyberfiction in the work of J. G. Ballard, Philip K. Dick, Samuel Delany, Octavia Butler, and William Gibson, among others.</marc:subfield></marc:datafield><marc:datafield tag="520" ind1="1" ind2=" "><marc:subfield code="a">&quot;Whereas science fiction asks 'What if?' questions about technology and the human future, Youngquist asks 'What if?' questions about the genre itself. What if the essential discourse of science fiction is less apparent than commonly supposed? What if, beyond their overt extrapolations, our most valuable SF authors have been concomitantly conducting Gedanken experiments designed to illuminate capitalism's discontents, the semiotics of eroticism, the limits of consensus reality, the mutability of the body, and the intricate web of power relationships that constitute postindustrial society? Youngquist's insightful and philosophically grounded answers will beguile students of Mary Shelley, Alfred Bester, J. G. Ballard, Philip K. Dick, Samuel R. Delany, William Gibson, Octavia Butler, and a dozen other supreme practitioners of speculative literature.&quot; - James Morrow, author of The Last Witchfinder and Shambling Towards Hiroshima.</marc:subfield></marc:datafield><marc:datafield tag="538" ind1=" " ind2=" "><marc:subfield code="a">Adobe Ebook Reader.</marc:subfield></marc:datafield><marc:datafield tag="545" ind1="0" ind2=" "><marc:subfield code="a">Paul Youngquist is Professor of English at Penn State.</marc:subfield></marc:datafield><marc:datafield tag="650" ind1=" " ind2="0"><marc:subfield code="a">Cybernetics in literature.</marc:subfield></marc:datafield><marc:datafield tag="650" ind1=" " ind2="0"><marc:subfield code="a">Science fiction, American</marc:subfield><marc:subfield code="x">History and criticism.</marc:subfield></marc:datafield><marc:datafield tag="650" ind1=" " ind2="0"><marc:subfield code="a">Science fiction, English</marc:subfield><marc:subfield code="x">History and criticism.</marc:subfield></marc:datafield><marc:datafield tag="650" ind1=" " ind2="7"><marc:subfield code="a">Literary studies: fiction, novelists &amp; prose writers</marc:subfield><marc:subfield code="x">English.</marc:subfield><marc:subfield code="2">bicssc</marc:subfield></marc:datafield><marc:datafield tag="650" ind1=" " ind2="7"><marc:subfield code="a">Literary studies: from c 1900 -</marc:subfield><marc:subfield code="x">English.</marc:subfield><marc:subfield code="2">bicssc</marc:subfield></marc:datafield><marc:datafield tag="650" ind1=" " ind2="7"><marc:subfield code="a">Literature.</marc:subfield><marc:subfield code="2">eflch</marc:subfield></marc:datafield><marc:datafield tag="856" ind1="4" ind2="2"><marc:subfield code="u">http://dx.doi.org/10.1057/9780230106215</marc:subfield><marc:subfield code="x">856other</marc:subfield><marc:subfield code="z">Table of Contents / Abstracts</marc:subfield></marc:datafield></marc:record>