
<marc:record><marc:leader>02677cam a22003377a 4500</marc:leader>
<marc:controlfield tag="001">18133018</marc:controlfield>
<marc:controlfield tag="003">SE-LIBR</marc:controlfield><marc:controlfield tag="005">20181030230000.0</marc:controlfield><marc:controlfield tag="008">150713s2012    xxu||||e|bq|||000 j|eng| </marc:controlfield><marc:datafield tag="020" ind1=" " ind2=" "><marc:subfield code="a">1597804541</marc:subfield></marc:datafield><marc:datafield tag="020" ind1=" " ind2=" "><marc:subfield code="a">9781597804547</marc:subfield></marc:datafield><marc:datafield tag="040" ind1=" " ind2=" "><marc:subfield code="a">AU@</marc:subfield><marc:subfield code="b">eng</marc:subfield><marc:subfield code="c">AU@</marc:subfield><marc:subfield code="d">OCLCO</marc:subfield><marc:subfield code="d">KLG</marc:subfield><marc:subfield code="d">OCLCO</marc:subfield><marc:subfield code="d">OCLCF</marc:subfield><marc:subfield code="d">CNEDM</marc:subfield><marc:subfield code="d">TEF</marc:subfield><marc:subfield code="d">Leru</marc:subfield><marc:subfield code="e">a</marc:subfield></marc:datafield><marc:datafield tag="041" ind1=" " ind2=" "><marc:subfield code="a">eng</marc:subfield></marc:datafield><marc:datafield tag="050" ind1="1" ind2="4"><marc:subfield code="a">PR1309.S3</marc:subfield><marc:subfield code="b">B728 2012</marc:subfield></marc:datafield><marc:datafield tag="082" ind1="0" ind2="4"><marc:subfield code="a">808.3/8738</marc:subfield><marc:subfield code="2">23</marc:subfield></marc:datafield><marc:datafield tag="084" ind1=" " ind2=" "><marc:subfield code="a">He(s)</marc:subfield><marc:subfield code="2">kssb/8</marc:subfield></marc:datafield><marc:datafield tag="245" ind1="0" ind2="0"><marc:subfield code="a">Brave new worlds :</marc:subfield><marc:subfield code="b">dystopian stories /</marc:subfield><marc:subfield code="c">edited by John Joseph Adams.</marc:subfield></marc:datafield><marc:datafield tag="250" ind1=" " ind2=" "><marc:subfield code="a">2nd ed.</marc:subfield></marc:datafield><marc:datafield tag="264" ind1=" " ind2="1"><marc:subfield code="a">San Francisco, Calif.</marc:subfield><marc:subfield code="b">Night Shade Books,</marc:subfield><marc:subfield code="c">2012</marc:subfield></marc:datafield><marc:datafield tag="300" ind1=" " ind2=" "><marc:subfield code="a">525 p.</marc:subfield><marc:subfield code="c">23 cm.</marc:subfield></marc:datafield><marc:datafield tag="340" ind1=" " ind2=" "><marc:subfield code="b">23 cm.</marc:subfield></marc:datafield><marc:datafield tag="505" ind1="8" ind2=" "><marc:subfield code="a">Contents note continued: The minority report / Philip K. Dick -- Just do it / Heather Lindsley -- Harrison Bergeron / Kurt Vonnegut, Jr. -- Caught in the organ draft / Robert Silverberg -- Geriatric ward / Orson Scott Card -- Arties aren't stupid / Jeremiah Tolbert -- Jordan's waterhammer / Joe Mastroianni -- Of a sweet slow dance in the wake of temporary dogs / Adam-Troy Castro -- Resistance / Tobias S. Buckell -- Civilization / Vylar Kaftan -- Editor's note on second edition material -- The cull / Robert Reed -- Personal Jesus / Jennifer Pelland -- The perfect match / Ken Liu -- Study Guide and filmography / Gary K. Wolfe.</marc:subfield></marc:datafield><marc:datafield tag="505" ind1="8" ind2=" "><marc:subfield code="a">The lottery / Shirley Jackson -- Red card / S.L. Gilbow -- Ten with a flag / Joseph Paul Haines -- The ones who walk away from Omelas / Ursula K. Le Guin -- Evidence of love in a case of abandonment / M. Rickert -- The funeral / Kate Wilhelm -- O happy day! / Geoff Ryman -- Pervert / Charles Coleman Finlay -- From homogenous to honey / Bryan Talbot -- Billennium / J.G. Ballard -- Amaryllis / Carrie Vaughn -- Pop squad / Paolo Bacigalupi -- Auspicious eggs / James Morrow -- Peter Skilling / Alex Irvine -- The pedestrian / Ray Bradbury -- The things that make me weak and strange get engineered away / Cory Doctorow -- The pearl diver / Caitlin R. Kiernan -- Dead space for the unexpected / Geoff Ryman -- &quot;Repent, Harlequin!&quot; said the Ticktockman / Harlan Ellison -- Is this your day to join the revolution? / Genevieve Valentine -- Independence Day / Sarah Langan -- The lunatics / Kim Stanley Robinson -- Sacrament / Matt Williamson --.</marc:subfield></marc:datafield><marc:datafield tag="520" ind1=" " ind2=" "><marc:subfield code="a">Collects short stories on civilization invading and dictating citizens lives, from authors including Kate Wilhelm, Philip K. Dick, J.G. Ballard, and Sarah Langan.</marc:subfield></marc:datafield><marc:datafield tag="650" ind1=" " ind2="0"><marc:subfield code="a">Dystopias</marc:subfield><marc:subfield code="v">Fiction.</marc:subfield></marc:datafield><marc:datafield tag="650" ind1=" " ind2="7"><marc:subfield code="a">Dystopias.</marc:subfield><marc:subfield code="2">fast</marc:subfield></marc:datafield><marc:datafield tag="655" ind1=" " ind2="7"><marc:subfield code="a">Dystopias.</marc:subfield><marc:subfield code="2">gsafd</marc:subfield></marc:datafield><marc:datafield tag="655" ind1=" " ind2="7"><marc:subfield code="a">Fiction.</marc:subfield><marc:subfield code="2">fast</marc:subfield></marc:datafield><marc:datafield tag="655" ind1=" " ind2="7"><marc:subfield code="a">Science fiction.</marc:subfield><marc:subfield code="2">gsafd</marc:subfield></marc:datafield><marc:datafield tag="655" ind1=" " ind2="7"><marc:subfield code="a">Short stories.</marc:subfield><marc:subfield code="2">gsafd</marc:subfield></marc:datafield><marc:datafield tag="700" ind1="1" ind2=" "><marc:subfield code="a">Adams, John Joseph,</marc:subfield><marc:subfield code="d">1976-</marc:subfield><marc:subfield code="4">edt</marc:subfield></marc:datafield></marc:record>