
<marc:record><marc:leader>01432cam a22003977a 4500</marc:leader>
<marc:controlfield tag="001">9345173</marc:controlfield>
<marc:controlfield tag="003">SE-LIBR</marc:controlfield><marc:controlfield tag="005">20181030230000.0</marc:controlfield><marc:controlfield tag="008">040201s2004    xxk|||||||||||000 0|eng|c</marc:controlfield><marc:datafield tag="015" ind1=" " ind2=" "><marc:subfield code="a">GBA4-Z2711</marc:subfield></marc:datafield><marc:datafield tag="016" ind1="7" ind2=" "><marc:subfield code="a">0826473504</marc:subfield><marc:subfield code="2">Uk</marc:subfield></marc:datafield><marc:datafield tag="020" ind1=" " ind2=" "><marc:subfield code="a">0826473490</marc:subfield><marc:subfield code="q">hardback</marc:subfield></marc:datafield><marc:datafield tag="020" ind1=" " ind2=" "><marc:subfield code="a">0826473504</marc:subfield><marc:subfield code="q">PBK.</marc:subfield><marc:subfield code="c">£14.99</marc:subfield></marc:datafield><marc:datafield tag="040" ind1=" " ind2=" "><marc:subfield code="a">StDuBDS</marc:subfield><marc:subfield code="c">StDuBDS</marc:subfield><marc:subfield code="d">Uk</marc:subfield><marc:subfield code="d">U</marc:subfield><marc:subfield code="e">a</marc:subfield></marc:datafield><marc:datafield tag="041" ind1=" " ind2=" "><marc:subfield code="a">eng</marc:subfield></marc:datafield><marc:datafield tag="082" ind1="0" ind2="4"><marc:subfield code="a">823.91409</marc:subfield><marc:subfield code="2">22</marc:subfield></marc:datafield><marc:datafield tag="084" ind1=" " ind2=" "><marc:subfield code="5">Mo</marc:subfield><marc:subfield code="a">Ge.5</marc:subfield><marc:subfield code="2">kssb/8</marc:subfield></marc:datafield><marc:datafield tag="084" ind1=" " ind2=" "><marc:subfield code="a">Ge.01</marc:subfield><marc:subfield code="2">kssb/7</marc:subfield></marc:datafield><marc:datafield tag="084" ind1=" " ind2=" "><marc:subfield code="a">Ge.55</marc:subfield><marc:subfield code="2">kssb/7</marc:subfield></marc:datafield><marc:datafield tag="100" ind1="1" ind2=" "><marc:subfield code="a">Tew, Philip</marc:subfield><marc:subfield code="4">aut</marc:subfield></marc:datafield><marc:datafield tag="245" ind1="1" ind2="4"><marc:subfield code="a">The contemporary British novel /</marc:subfield><marc:subfield code="c">Philip Tew.</marc:subfield></marc:datafield><marc:datafield tag="264" ind1=" " ind2="1"><marc:subfield code="a">New York :</marc:subfield><marc:subfield code="b">Continuum,</marc:subfield><marc:subfield code="c">2004</marc:subfield></marc:datafield><marc:datafield tag="300" ind1=" " ind2=" "><marc:subfield code="a">xv, 205 s.</marc:subfield><marc:subfield code="c">22 cm</marc:subfield></marc:datafield><marc:datafield tag="500" ind1=" " ind2=" "><marc:subfield code="5">Mo</marc:subfield><marc:subfield code="a">engelska</marc:subfield></marc:datafield><marc:datafield tag="520" ind1="8" ind2=" "><marc:subfield code="5">Mo</marc:subfield><marc:subfield code="a">Analys: Martin Amis ; J.G Ballard ; A.S Byatt ; Jonathan Coe ; Angela Carter ; Jim Grace ; John Fowles ; Kazuo Ishiguro ; James Kelman ; A.L Kennedy ; Hanif Kureishi ; Toby Litt ; Ian McEwan ; Caryl Phillips ; Salman Rushdie ; Iain Sinclair ; Zadie Smith ; Will Self ; Jeanette Winterson</marc:subfield></marc:datafield><marc:datafield tag="650" ind1=" " ind2="0"><marc:subfield code="a">English fiction</marc:subfield><marc:subfield code="y">20th century</marc:subfield><marc:subfield code="x">History and criticism.</marc:subfield></marc:datafield><marc:datafield tag="650" ind1=" " ind2="7"><marc:subfield code="a">Engelska författare</marc:subfield><marc:subfield code="y">1900-talet</marc:subfield><marc:subfield code="2">sao</marc:subfield></marc:datafield><marc:datafield tag="650" ind1=" " ind2="7"><marc:subfield code="a">Engelska romaner</marc:subfield><marc:subfield code="x">historia</marc:subfield><marc:subfield code="y">1945-</marc:subfield><marc:subfield code="2">sao</marc:subfield></marc:datafield><marc:datafield tag="653" ind1=" " ind2=" "><marc:subfield code="5">Jon</marc:subfield><marc:subfield code="a">Literature</marc:subfield></marc:datafield><marc:datafield tag="653" ind1=" " ind2=" "><marc:subfield code="5">Jon</marc:subfield><marc:subfield code="a">Litteraturhistoria</marc:subfield></marc:datafield><marc:datafield tag="653" ind1=" " ind2=" "><marc:subfield code="5">Jon</marc:subfield><marc:subfield code="a">Storbritannien</marc:subfield></marc:datafield><marc:datafield tag="653" ind1=" " ind2=" "><marc:subfield code="5">Jon</marc:subfield><marc:subfield code="a">United Kingdom</marc:subfield></marc:datafield><marc:datafield tag="653" ind1=" " ind2=" "><marc:subfield code="5">Mo</marc:subfield><marc:subfield code="a">England</marc:subfield></marc:datafield><marc:datafield tag="653" ind1=" " ind2=" "><marc:subfield code="5">Mo</marc:subfield><marc:subfield code="a">Litteraturvetenskap</marc:subfield></marc:datafield><marc:datafield tag="653" ind1=" " ind2=" "><marc:subfield code="5">Mo</marc:subfield><marc:subfield code="a">Storbritannien</marc:subfield></marc:datafield><marc:datafield tag="655" ind1=" " ind2="4"><marc:subfield code="5">Mo</marc:subfield><marc:subfield code="a">Bok</marc:subfield></marc:datafield></marc:record>