
<marc:record><marc:leader>00731cam a22002177  4500</marc:leader>
<marc:controlfield tag="001">5071715</marc:controlfield>
<marc:controlfield tag="003">SE-LIBR</marc:controlfield><marc:controlfield tag="005">20030414172010.0</marc:controlfield><marc:controlfield tag="008">011211s1993    xxk           000 0 swe c</marc:controlfield><marc:datafield tag="020" ind1=" " ind2=" "><marc:subfield code="a">0-586-08560-2</marc:subfield></marc:datafield><marc:datafield tag="040" ind1=" " ind2=" "><marc:subfield code="a">Vö</marc:subfield></marc:datafield><marc:datafield tag="082" ind1="0" ind2="4"><marc:subfield code="a">813</marc:subfield><marc:subfield code="2">22 (machine generated)</marc:subfield></marc:datafield><marc:datafield tag="084" ind1=" " ind2=" "><marc:subfield code="5">Uh</marc:subfield><marc:subfield code="a">Heq.01</marc:subfield><marc:subfield code="2">kssb/6</marc:subfield></marc:datafield><marc:datafield tag="084" ind1=" " ind2=" "><marc:subfield code="a">Heq.01</marc:subfield><marc:subfield code="2">kssb/6</marc:subfield></marc:datafield><marc:datafield tag="100" ind1="1" ind2=" "><marc:subfield code="a">Burroughs, William S.,</marc:subfield><marc:subfield code="d">1914-1997.</marc:subfield><marc:subfield code="0">179750</marc:subfield><marc:subfield code="1">http://viaf.org/viaf/108916275</marc:subfield><marc:subfield code="4">http://rdaregistry.info/Elements/w/object/P10061</marc:subfield></marc:datafield><marc:datafield tag="240" ind1="1" ind2=" "><marc:subfield code="a">Naked lunch</marc:subfield><marc:subfield code="1">http://viaf.org/viaf/178436556</marc:subfield></marc:datafield><marc:datafield tag="245" ind1="0" ind2="0"><marc:subfield code="a">Naked lunch /</marc:subfield><marc:subfield code="c">William Burroughs ; with an introduction by J. G. Ballard</marc:subfield></marc:datafield><marc:datafield tag="250" ind1=" " ind2=" "><marc:subfield code="a">[New ed.]</marc:subfield></marc:datafield><marc:datafield tag="260" ind1=" " ind2=" "><marc:subfield code="a">London :</marc:subfield><marc:subfield code="b">Flamingo,</marc:subfield><marc:subfield code="c">1993</marc:subfield></marc:datafield><marc:datafield tag="300" ind1=" " ind2=" "><marc:subfield code="a">201 s.</marc:subfield></marc:datafield><marc:datafield tag="490" ind1="0" ind2=" "><marc:subfield code="a">A Flamingo modern classic</marc:subfield></marc:datafield></marc:record>