
<marc:record><marc:leader>02286cim a22004217a 4500</marc:leader>
<marc:controlfield tag="001">18644708</marc:controlfield>
<marc:controlfield tag="003">SE-LIBR</marc:controlfield><marc:controlfield tag="005">20170301203603.0</marc:controlfield><marc:controlfield tag="007">sd |||||||||||         </marc:controlfield><marc:controlfield tag="008">151112s2015    sw nn||e|||||||f  | swe|c</marc:controlfield><marc:datafield tag="024" ind1="7" ind2=" "><marc:subfield code="a">CA23673</marc:subfield><marc:subfield code="2">MTM medienummer</marc:subfield></marc:datafield><marc:datafield tag="040" ind1=" " ind2=" "><marc:subfield code="a">Mtm</marc:subfield><marc:subfield code="e">a</marc:subfield></marc:datafield><marc:datafield tag="041" ind1="1" ind2=" "><marc:subfield code="a">swe</marc:subfield><marc:subfield code="h">eng</marc:subfield></marc:datafield><marc:datafield tag="042" ind1=" " ind2=" "><marc:subfield code="9">Mtm</marc:subfield></marc:datafield><marc:datafield tag="046" ind1=" " ind2=" "><marc:subfield code="a">m</marc:subfield><marc:subfield code="m">20151112</marc:subfield><marc:subfield code="n">20160111</marc:subfield></marc:datafield><marc:datafield tag="082" ind1="0" ind2="4"><marc:subfield code="a">823</marc:subfield><marc:subfield code="2">22 (machine generated)</marc:subfield></marc:datafield><marc:datafield tag="084" ind1=" " ind2=" "><marc:subfield code="a">Hcee.016(s)</marc:subfield><marc:subfield code="2">kssb/8</marc:subfield></marc:datafield><marc:datafield tag="084" ind1=" " ind2=" "><marc:subfield code="a">Hcee.016(s)/TC</marc:subfield><marc:subfield code="2">kssb/8</marc:subfield></marc:datafield><marc:datafield tag="245" ind1="1" ind2="0"><marc:subfield code="a">Det hände i morgon</marc:subfield><marc:subfield code="h">[Ljudupptagning]</marc:subfield><marc:subfield code="b">en science fiction-antologi /</marc:subfield><marc:subfield code="c">sammanställd av Sam J. Lundwall ; [översättning: Gunnar Hedberg ...].</marc:subfield></marc:datafield><marc:datafield tag="264" ind1=" " ind2="1"><marc:subfield code="a">Johanneshov :</marc:subfield><marc:subfield code="b">MTM,</marc:subfield><marc:subfield code="c">2015</marc:subfield></marc:datafield><marc:datafield tag="300" ind1=" " ind2=" "><marc:subfield code="a">1 CD-R (7 tim., 27 min.)</marc:subfield></marc:datafield><marc:datafield tag="336" ind1=" " ind2=" "><marc:subfield code="a">tale</marc:subfield><marc:subfield code="0">http://rdaregistry.info/termList/RDAContentType/1013</marc:subfield></marc:datafield><marc:datafield tag="337" ind1=" " ind2=" "><marc:subfield code="a">lydmedier</marc:subfield><marc:subfield code="0">http://rdaregistry.info/termList/RDAMediaType/1001</marc:subfield></marc:datafield><marc:datafield tag="338" ind1=" " ind2=" "><marc:subfield code="a">dataplate</marc:subfield><marc:subfield code="0">http://rdaregistry.info/termList/RDACarrierType/1013</marc:subfield></marc:datafield><marc:datafield tag="380" ind1=" " ind2=" "><marc:subfield code="a">Språkbasert verk</marc:subfield><marc:subfield code="1">https://schema.nb.no/Bibliographic/Values/V1000</marc:subfield></marc:datafield><marc:datafield tag="500" ind1=" " ind2=" "><marc:subfield code="a">Boken är en översättning från engelska av valda noveller</marc:subfield></marc:datafield><marc:datafield tag="500" ind1=" " ind2=" "><marc:subfield code="a">Boken ingår i serien: Delta science fiction</marc:subfield></marc:datafield><marc:datafield tag="500" ind1=" " ind2=" "><marc:subfield code="a">Digital talbok (DAISY 2.02), ljud</marc:subfield></marc:datafield><marc:datafield tag="500" ind1=" " ind2=" "><marc:subfield code="a">Inläst ur: Bromma : Delta, 1973. ISBN 91-7228-013-1, 978-91-7228-013-7 (genererat)</marc:subfield></marc:datafield><marc:datafield tag="506" ind1="1" ind2=" "><marc:subfield code="a">Tillgänglig för personer med läsnedsättning enligt § 17 Upphovsrättslagen</marc:subfield><marc:subfield code="u">http://www.mtm.se/om-oss/uppdrag-och-lagar/upphovsrattslagen/</marc:subfield></marc:datafield><marc:datafield tag="520" ind1=" " ind2=" "><marc:subfield code="a">Tio science fiction-noveller, utvalda av science fiction-författaren Sam. J. Lundwall. Här finns ingredienser som uppsluppen satir, svindlande fantasi och poetisk vision. Den närliggande framtiden i skildringarna är obehagligt lik vår egen tid. Författarna är: Brian W. Aldiss, Isaac Asimov, J.G. Ballard, Ray Bradbury, Fredric Brown, Arthur C. Clarke, Philip K. Dick, Hal Draper, Frederik Pohl och Robert Sheckley</marc:subfield></marc:datafield><marc:datafield tag="538" ind1=" " ind2=" "><marc:subfield code="a">Filstorlek: 153 MB</marc:subfield></marc:datafield><marc:datafield tag="655" ind1=" " ind2="4"><marc:subfield code="a">DAISY</marc:subfield></marc:datafield><marc:datafield tag="700" ind1="1" ind2=" "><marc:subfield code="a">Gripe, Helena</marc:subfield><marc:subfield code="4">nrt</marc:subfield></marc:datafield><marc:datafield tag="700" ind1="1" ind2=" "><marc:subfield code="a">Hedberg, Gunnar</marc:subfield><marc:subfield code="4">trl</marc:subfield></marc:datafield><marc:datafield tag="700" ind1="1" ind2=" "><marc:subfield code="a">Lundwall, Sam J.</marc:subfield><marc:subfield code="4">pbl</marc:subfield></marc:datafield><marc:datafield tag="776" ind1="0" ind2="8"><marc:subfield code="i">Inläst ur</marc:subfield><marc:subfield code="t">Det hände i morgon</marc:subfield><marc:subfield code="z">9172280131</marc:subfield></marc:datafield><marc:datafield tag="856" ind1="4" ind2="0"><marc:subfield code="5">Mtm</marc:subfield><marc:subfield code="u">http://www.legimus.se/work/redirect?MedieNr=CA23673</marc:subfield><marc:subfield code="z">Ladda ner. Tillgänglig för personer med läsnedsättning enligt § 17 Upphovsrättslagen</marc:subfield></marc:datafield></marc:record>