
<marc:record><marc:leader>01442cam a2200373 a 4500</marc:leader>
<marc:controlfield tag="001">11192768</marc:controlfield>
<marc:controlfield tag="003">SE-LIBR</marc:controlfield><marc:controlfield tag="005">20171026120946.0</marc:controlfield><marc:controlfield tag="008">081015s2007    caua          000 0aeng  </marc:controlfield><marc:datafield tag="015" ind1=" " ind2=" "><marc:subfield code="a">GBA692373</marc:subfield><marc:subfield code="2">bnb</marc:subfield></marc:datafield><marc:datafield tag="016" ind1="7" ind2=" "><marc:subfield code="a">013590157</marc:subfield><marc:subfield code="2">Uk</marc:subfield></marc:datafield><marc:datafield tag="020" ind1=" " ind2=" "><marc:subfield code="a">0-9714578-3-2 (pbk.)</marc:subfield></marc:datafield><marc:datafield tag="020" ind1=" " ind2=" "><marc:subfield code="a">978-0-9714578-3-6 (pbk.)</marc:subfield></marc:datafield><marc:datafield tag="041" ind1="1" ind2=" "><marc:subfield code="a">eng</marc:subfield><marc:subfield code="h">fre</marc:subfield></marc:datafield><marc:datafield tag="043" ind1=" " ind2=" "><marc:subfield code="a">e-sp---</marc:subfield></marc:datafield><marc:datafield tag="050" ind1=" " ind2="4"><marc:subfield code="a">N7113.D3</marc:subfield><marc:subfield code="b">A2 2006</marc:subfield></marc:datafield><marc:datafield tag="082" ind1="0" ind2="4"><marc:subfield code="a">759.6</marc:subfield><marc:subfield code="2">22</marc:subfield></marc:datafield><marc:datafield tag="082" ind1="0" ind2="4"><marc:subfield code="a">759.6</marc:subfield><marc:subfield code="a">B</marc:subfield><marc:subfield code="2">22</marc:subfield></marc:datafield><marc:datafield tag="084" ind1=" " ind2=" "><marc:subfield code="a">Ibz Dalí, Salvador</marc:subfield><marc:subfield code="2">kssb/8</marc:subfield></marc:datafield><marc:datafield tag="100" ind1="1" ind2=" "><marc:subfield code="a">Dalí, Salvador,</marc:subfield><marc:subfield code="d">1904-1989</marc:subfield><marc:subfield code="0">183291</marc:subfield><marc:subfield code="0">268501</marc:subfield><marc:subfield code="1">http://viaf.org/viaf/64004109</marc:subfield><marc:subfield code="4">http://rdaregistry.info/Elements/w/object/P10058</marc:subfield></marc:datafield><marc:datafield tag="240" ind1="1" ind2="0"><marc:subfield code="a">Journal d'un génie.</marc:subfield><marc:subfield code="l">English</marc:subfield><marc:subfield code="1">http://viaf.org/viaf/174484848</marc:subfield></marc:datafield><marc:datafield tag="245" ind1="1" ind2="0"><marc:subfield code="a">Diary of a genius /</marc:subfield><marc:subfield code="c">Salvador Dalí ; [introductory essay by J.G. Ballard; translated from the French by Richard Howard]</marc:subfield></marc:datafield><marc:datafield tag="250" ind1=" " ind2=" "><marc:subfield code="a">New ed.</marc:subfield></marc:datafield><marc:datafield tag="260" ind1=" " ind2=" "><marc:subfield code="a">[Los Angeles, Calif.?] :</marc:subfield><marc:subfield code="b">Solar Books;</marc:subfield><marc:subfield code="a">London :</marc:subfield><marc:subfield code="b">Turnaround [distributor],</marc:subfield><marc:subfield code="c">2006</marc:subfield></marc:datafield><marc:datafield tag="300" ind1=" " ind2=" "><marc:subfield code="a">191 p. :</marc:subfield><marc:subfield code="b">ill. ;</marc:subfield><marc:subfield code="c">21 cm.</marc:subfield></marc:datafield><marc:datafield tag="440" ind1=" " ind2="0"><marc:subfield code="a">Solar art directives ;</marc:subfield><marc:subfield code="v">1</marc:subfield></marc:datafield><marc:datafield tag="546" ind1=" " ind2=" "><marc:subfield code="a">Translated from the French.</marc:subfield></marc:datafield><marc:datafield tag="600" ind1="1" ind2="4"><marc:subfield code="a">Dalí, Salvador,</marc:subfield><marc:subfield code="d">1904-1989</marc:subfield><marc:subfield code="0">183291</marc:subfield><marc:subfield code="0">268501</marc:subfield></marc:datafield><marc:datafield tag="650" ind1=" " ind2="0"><marc:subfield code="a">Surrealism (Literature)</marc:subfield></marc:datafield><marc:datafield tag="650" ind1=" " ind2="7"><marc:subfield code="a">Konstnärer</marc:subfield><marc:subfield code="z">Spanien</marc:subfield><marc:subfield code="2">sao</marc:subfield></marc:datafield><marc:datafield tag="650" ind1=" " ind2="7"><marc:subfield code="a">Surrealism (litteratur)</marc:subfield><marc:subfield code="2">sao</marc:subfield><marc:subfield code="0">163347</marc:subfield></marc:datafield><marc:datafield tag="655" ind1=" " ind2="7"><marc:subfield code="a">Dagböcker</marc:subfield><marc:subfield code="2">saogf</marc:subfield><marc:subfield code="0">243975</marc:subfield><marc:subfield code="0">352952</marc:subfield></marc:datafield><marc:datafield tag="700" ind1="1" ind2=" "><marc:subfield code="a">Howard, Richard,</marc:subfield><marc:subfield code="d">1929-</marc:subfield><marc:subfield code="4">trl</marc:subfield></marc:datafield><marc:datafield tag="700" ind1="1" ind2=" "><marc:subfield code="a">Ballard, J. G.</marc:subfield><marc:subfield code="d">1930-2009</marc:subfield><marc:subfield code="4">aui</marc:subfield><marc:subfield code="1">http://viaf.org/viaf/9842556</marc:subfield></marc:datafield></marc:record>