
<marc:record><marc:leader>01235cam a22002413a 4500</marc:leader>
<marc:controlfield tag="001">17360389</marc:controlfield>
<marc:controlfield tag="003">SE-LIBR</marc:controlfield><marc:controlfield tag="005">20160906190943.0</marc:controlfield><marc:controlfield tag="007">cr |||   |||||         </marc:controlfield><marc:controlfield tag="008">150106s2015    sw |||||o|||||000 f|swe|d</marc:controlfield><marc:datafield tag="020" ind1=" " ind2=" "><marc:subfield code="a">9789187711299</marc:subfield></marc:datafield><marc:datafield tag="024" ind1="7" ind2=" "><marc:subfield code="5">Elib</marc:subfield><marc:subfield code="a">1028127</marc:subfield><marc:subfield code="2">Distributör: Elib</marc:subfield></marc:datafield><marc:datafield tag="040" ind1=" " ind2=" "><marc:subfield code="e">a</marc:subfield></marc:datafield><marc:datafield tag="041" ind1=" " ind2=" "><marc:subfield code="a">swe</marc:subfield></marc:datafield><marc:datafield tag="072" ind1=" " ind2="7"><marc:subfield code="a">FL</marc:subfield><marc:subfield code="2">bicssc</marc:subfield></marc:datafield><marc:datafield tag="072" ind1=" " ind2="7"><marc:subfield code="a">FYB</marc:subfield><marc:subfield code="2">bicssc</marc:subfield></marc:datafield><marc:datafield tag="100" ind1="1" ind2=" "><marc:subfield code="a">Johansson, KG</marc:subfield><marc:subfield code="4">aut</marc:subfield></marc:datafield><marc:datafield tag="245" ind1="1" ind2="0"><marc:subfield code="a">Fyra kvinnor fyra flickor</marc:subfield><marc:subfield code="h">[Elektronisk resurs]</marc:subfield></marc:datafield><marc:datafield tag="264" ind1=" " ind2="1"><marc:subfield code="b">Wela Förlag,</marc:subfield><marc:subfield code="c">2015</marc:subfield></marc:datafield><marc:datafield tag="380" ind1=" " ind2=" "><marc:subfield code="a">Fantasy &amp; SF</marc:subfield></marc:datafield><marc:datafield tag="380" ind1=" " ind2=" "><marc:subfield code="a">Noveller</marc:subfield><marc:subfield code="2">barngf</marc:subfield></marc:datafield><marc:datafield tag="520" ind1=" " ind2=" "><marc:subfield code="a">KG Johansson är mångfaldigt prisbelönt som författare med stipendier, utmärkelser och förstaplaceringar i olika litterära tävlingar. De här novellerna är skrivna under åren runt 2010 och har kvinnor eller flickor som huvudpersoner, även om det någon gång inte verkar så. Det är postapokalyptiskt, poetiskt och fantastiskt, och författaren nämner framför allt William Blake och J.G. Ballard som inspirationskällor. I ett efterord lika läsvärt som de åtta novellerna berättar författaren om novellernas uppkomst. Omslag av Peter Öberg (Affront). [Elib]</marc:subfield></marc:datafield><marc:datafield tag="856" ind1="4" ind2="2"><marc:subfield code="u">https://images.elib.se/cover/1028127/1028127.jpg</marc:subfield><marc:subfield code="x">digipic</marc:subfield><marc:subfield code="z">Omslagsbild</marc:subfield></marc:datafield></marc:record>