
<marc:record><marc:leader>04009cam a22004813i 4500</marc:leader>
<marc:controlfield tag="001">19856605</marc:controlfield>
<marc:controlfield tag="003">SE-LIBR</marc:controlfield><marc:controlfield tag="005">20170110151004.0</marc:controlfield><marc:controlfield tag="007">cr |||   |||||         </marc:controlfield><marc:controlfield tag="008">161115s2016    xxu|||||o|||||000 0|eng|c</marc:controlfield><marc:datafield tag="020" ind1=" " ind2=" "><marc:subfield code="a">9781137581655</marc:subfield></marc:datafield><marc:datafield tag="020" ind1=" " ind2=" "><marc:subfield code="z">9781137590619 (Print)</marc:subfield></marc:datafield><marc:datafield tag="024" ind1="7" ind2=" "><marc:subfield code="a">10.1057/978-1-137-58165-5</marc:subfield><marc:subfield code="2">doi</marc:subfield></marc:datafield><marc:datafield tag="040" ind1=" " ind2=" "><marc:subfield code="d">Ldig</marc:subfield><marc:subfield code="e">i</marc:subfield><marc:subfield code="e">rda</marc:subfield></marc:datafield><marc:datafield tag="041" ind1=" " ind2=" "><marc:subfield code="a">eng</marc:subfield></marc:datafield><marc:datafield tag="050" ind1=" " ind2="4"><marc:subfield code="a">PN1-PN6790</marc:subfield></marc:datafield><marc:datafield tag="072" ind1=" " ind2="7"><marc:subfield code="a">D</marc:subfield><marc:subfield code="2">bicssc</marc:subfield></marc:datafield><marc:datafield tag="072" ind1=" " ind2="7"><marc:subfield code="a">LIT000000</marc:subfield><marc:subfield code="2">bisacsh</marc:subfield></marc:datafield><marc:datafield tag="082" ind1="0" ind2="4"><marc:subfield code="a">800</marc:subfield><marc:subfield code="2">23</marc:subfield></marc:datafield><marc:datafield tag="100" ind1="1" ind2=" "><marc:subfield code="a">Dini, Rachele.</marc:subfield><marc:subfield code="4">aut</marc:subfield></marc:datafield><marc:datafield tag="245" ind1="1" ind2="0"><marc:subfield code="a">Consumerism, Waste, and Re-Use in Twentieth-Century Fiction</marc:subfield><marc:subfield code="b">Legacies of the Avant-Garde /</marc:subfield><marc:subfield code="c">by Rachele Dini.</marc:subfield></marc:datafield><marc:datafield tag="264" ind1=" " ind2="1"><marc:subfield code="a">New York :</marc:subfield><marc:subfield code="b">Palgrave Macmillan US :</marc:subfield><marc:subfield code="b">Imprint: Palgrave Macmillan,</marc:subfield><marc:subfield code="c">2016</marc:subfield></marc:datafield><marc:datafield tag="300" ind1=" " ind2=" "><marc:subfield code="a">XIV, 253 p. 15 illus.</marc:subfield><marc:subfield code="b">online resource.</marc:subfield></marc:datafield><marc:datafield tag="336" ind1=" " ind2=" "><marc:subfield code="a">text</marc:subfield><marc:subfield code="b">txt</marc:subfield><marc:subfield code="2">rdacontent</marc:subfield></marc:datafield><marc:datafield tag="337" ind1=" " ind2=" "><marc:subfield code="a">computer</marc:subfield><marc:subfield code="b">c</marc:subfield><marc:subfield code="2">rdamedia</marc:subfield></marc:datafield><marc:datafield tag="338" ind1=" " ind2=" "><marc:subfield code="a">online resource</marc:subfield><marc:subfield code="b">cr</marc:subfield><marc:subfield code="2">rdacarrier</marc:subfield></marc:datafield><marc:datafield tag="336" ind1=" " ind2=" "><marc:subfield code="a">tekst</marc:subfield><marc:subfield code="0">http://rdaregistry.info/termList/RDAContentType/1020</marc:subfield></marc:datafield><marc:datafield tag="337" ind1=" " ind2=" "><marc:subfield code="a">datamaskin</marc:subfield><marc:subfield code="0">http://rdaregistry.info/termList/RDAMediaType/1007</marc:subfield></marc:datafield><marc:datafield tag="338" ind1=" " ind2=" "><marc:subfield code="a">online ressurs</marc:subfield><marc:subfield code="0">http://rdaregistry.info/termList/RDACarrierType/1018</marc:subfield></marc:datafield><marc:datafield tag="380" ind1=" " ind2=" "><marc:subfield code="a">Språkbasert verk</marc:subfield><marc:subfield code="1">https://schema.nb.no/Bibliographic/Values/V1000</marc:subfield></marc:datafield><marc:datafield tag="347" ind1=" " ind2=" "><marc:subfield code="a">text file</marc:subfield><marc:subfield code="b">PDF</marc:subfield></marc:datafield><marc:datafield tag="505" ind1="8" ind2=" "><marc:subfield code="a">Introduction -- Chapter One: In search of an epiphany: Redeeming waste and irrupting into the everyday -- Chapter Two: Samuel Beckett's personnes perdues: Human waste in The Trilogy, Texts for Nothing, and How it I -- Chapter Three: Waste in Donald Barthelme, J.G Ballard, and William Gaddis -- Chapter Four: &quot;Most of our longings go unfulfilled&quot;: DeLillo's historiographical readings of landfills and nuclear fallout -- Conclusion -- Bibliography.</marc:subfield></marc:datafield><marc:datafield tag="520" ind1=" " ind2=" "><marc:subfield code="a">This book examines manufactured waste and remaindered humans in literary critiques of capitalism by twentieth-century writers associated with the historical avant-garde and their descendants. Building on recent work in new materialism and waste studies, Rachele Dini reads waste as a process or phase amenable to interruption. From an initial exploration of waste and re-use in three Surrealist texts by Giorgio de Chirico, André Breton, and Mina Loy, Dini traces the conceptualization of waste in the writing of Samuel Beckett, Donald Barthelme, J.G. Ballard, William Gaddis, and Don DeLillo. In exploring the relationship between waste, capitalism, and literary experimentation, this book shows that the legacy of the historical avant-garde is bound up with an enduring faith in the radical potential of waste. The first study to focus specifically on waste in the twentieth-century imagination, this is a valuable contribution to the expanding field of waste studies.</marc:subfield></marc:datafield><marc:datafield tag="650" ind1=" " ind2="0"><marc:subfield code="a">Literature.</marc:subfield></marc:datafield><marc:datafield tag="650" ind1="1" ind2="4"><marc:subfield code="a">Literature.</marc:subfield></marc:datafield><marc:datafield tag="650" ind1="2" ind2="4"><marc:subfield code="a">Literature, general.</marc:subfield></marc:datafield><marc:datafield tag="710" ind1="2" ind2=" "><marc:subfield code="a">SpringerLink (Online service)</marc:subfield></marc:datafield><marc:datafield tag="776" ind1="0" ind2="8"><marc:subfield code="i">Printed edition:</marc:subfield><marc:subfield code="t">Consumerism, Waste, and Re-Use in Twentieth-Century Fiction</marc:subfield><marc:subfield code="z">9781137590619</marc:subfield></marc:datafield><marc:datafield tag="856" ind1="4" ind2="0"><marc:subfield code="5">Miun</marc:subfield><marc:subfield code="u">http://sfxeu11.hosted.exlibrisgroup.com/sfxmiu/?url_ver=Z39.88-2004&amp;ctx_ver=Z39.88-2004&amp;ctx_enc=info:ofi/enc:UTF-8&amp;rfr_id=info:sid/sfxit.com:opac_856&amp;url_ctx_fmt=info:ofi/fmt:kev:mtx:ctx&amp;sfx.ignore_date_threshold=1&amp;rft.object_id=3710000000915282&amp;svc_val_fmt=info:ofi/fmt:kev:mtx:sch_svc&amp;</marc:subfield><marc:subfield code="z">Student portal login</marc:subfield><marc:subfield code="z">Springer DDA:Full Text</marc:subfield></marc:datafield><marc:datafield tag="856" ind1="4" ind2="0"><marc:subfield code="5">Qdig</marc:subfield><marc:subfield code="u">https://search.ub.umu.se/openurl/46UMEA_INST/46UMEA_INST:UmUB?u.ignore_date_coverage=true&amp;rft.mms_id=9921712318204996</marc:subfield><marc:subfield code="z">Online access for UMUB</marc:subfield><marc:subfield code="z">fulltext</marc:subfield><marc:subfield code="z">Ebook Central (UmU)</marc:subfield></marc:datafield><marc:datafield tag="856" ind1="4" ind2="0"><marc:subfield code="5">Tdig</marc:subfield><marc:subfield code="u">http://pmt-eu.hosted.exlibrisgroup.com/openurl/46KTH/46KTH_services_page?u.ignore_date_coverage=true&amp;rft.mms_id=99495676902456</marc:subfield><marc:subfield code="z">Online access for KTHB</marc:subfield><marc:subfield code="z">fulltext</marc:subfield><marc:subfield code="z">Springer</marc:subfield></marc:datafield><marc:datafield tag="856" ind1="4" ind2="0"><marc:subfield code="5">Udix</marc:subfield><marc:subfield code="u">http://ezproxy.its.uu.se/login?url=https://link.springer.com/10.1057/978-1-137-58165-5</marc:subfield><marc:subfield code="z">Tillgänglig för användare inom Uppsala universitet</marc:subfield><marc:subfield code="z">Springer English/International eBooks 2016 - Full Set</marc:subfield></marc:datafield><marc:datafield tag="856" ind1="4" ind2="2"><marc:subfield code="u">http://dx.doi.org/10.1057/978-1-137-58165-5</marc:subfield><marc:subfield code="x">856other</marc:subfield><marc:subfield code="z">Table of Contents / Abstracts</marc:subfield></marc:datafield></marc:record>