
<marc:record><marc:leader>04483cam a22003373a 4500</marc:leader>
<marc:controlfield tag="001">18716313</marc:controlfield>
<marc:controlfield tag="003">SE-LIBR</marc:controlfield><marc:controlfield tag="005">20151125145100.0</marc:controlfield><marc:controlfield tag="008">151125s1989    mau           000 1 eng  </marc:controlfield><marc:datafield tag="010" ind1=" " ind2=" "><marc:subfield code="a">   88082960</marc:subfield></marc:datafield><marc:datafield tag="020" ind1=" " ind2=" "><marc:subfield code="a">0316349410</marc:subfield></marc:datafield><marc:datafield tag="020" ind1=" " ind2=" "><marc:subfield code="a">9780316349413</marc:subfield></marc:datafield><marc:datafield tag="040" ind1=" " ind2=" "><marc:subfield code="a">DLC</marc:subfield><marc:subfield code="b">eng</marc:subfield><marc:subfield code="c">DLC</marc:subfield><marc:subfield code="d">BTCTA</marc:subfield><marc:subfield code="d">CWJ</marc:subfield><marc:subfield code="d">YDXCP</marc:subfield><marc:subfield code="d">BAKER</marc:subfield><marc:subfield code="d">UBY</marc:subfield><marc:subfield code="d">SJE</marc:subfield><marc:subfield code="d">IAD</marc:subfield><marc:subfield code="d">VOV</marc:subfield><marc:subfield code="d">UPP</marc:subfield><marc:subfield code="d">CDS</marc:subfield><marc:subfield code="d">OCLCF</marc:subfield><marc:subfield code="d">OCLCQ</marc:subfield><marc:subfield code="d">OVY</marc:subfield><marc:subfield code="d">Jm</marc:subfield></marc:datafield><marc:datafield tag="050" ind1="0" ind2="0"><marc:subfield code="a">PN6120.95.S33</marc:subfield><marc:subfield code="b">N67 1989</marc:subfield></marc:datafield><marc:datafield tag="050" ind1="1" ind2="4"><marc:subfield code="a">PZ4.A5</marc:subfield><marc:subfield code="b">W673 1989</marc:subfield></marc:datafield><marc:datafield tag="082" ind1="0" ind2="0"><marc:subfield code="a">808.83/8762</marc:subfield><marc:subfield code="2">20</marc:subfield></marc:datafield><marc:datafield tag="245" ind1="0" ind2="4"><marc:subfield code="a">The world treasury of science fiction /</marc:subfield><marc:subfield code="c">edited by David G. Hartwell ; with a foreword by Clifton Fadiman, general editor.</marc:subfield></marc:datafield><marc:datafield tag="250" ind1=" " ind2=" "><marc:subfield code="a">1st ed.</marc:subfield></marc:datafield><marc:datafield tag="260" ind1=" " ind2=" "><marc:subfield code="a">Boston :</marc:subfield><marc:subfield code="b">Little, Brown,</marc:subfield><marc:subfield code="c">©1989.</marc:subfield></marc:datafield><marc:datafield tag="300" ind1=" " ind2=" "><marc:subfield code="a">xix, 1083 pages ;</marc:subfield><marc:subfield code="c">25 cm.</marc:subfield></marc:datafield><marc:datafield tag="505" ind1="0" ind2=" "><marc:subfield code="a">Foreword -- Introduction -- Harrison Bergeron / Kurt Vonnegut, Jr. -- Forgetfulness / John W. Campbell, Jr. -- Special flight / John Berryman -- Chronopolis / J.G. Ballard -- Triceratops / Kono Tensei -- The man who lost the sea / Theodore Sturgeon -- On the inside track / Karl Michael Armer -- The Golem / Avram Davidson -- The new prehistory / René Rebetez-Cortes -- A meeting with Medusa / Arthur C. Clarke -- The valley of echoes / Gérard Klein -- The fifth head of Cerberus / Gene Wolfe -- The chaste planet / John Updike -- The blind pilot / Nathalie-Charles Henneberg -- The men who murdered Mohammed / Alfred Bester -- Pairpuppets / Manuel van Loggem -- Two dooms / C.M. Kornbluth -- Tale of the computer that fought a dragon / Stanislaw Lem -- The green hills of Earth / Robert A. Heinlein -- Ghost V / Robert Sheckley -- The phantom of Kansas / John Varley -- Captain Nemo's last adventure / Josef Nesvadba -- Inconstant moon / Larry Niven -- The gold at the starbow's end / Frederik Pohl -- A sign in space / Italo Calvino -- The spiral / Italo Calvino.</marc:subfield></marc:datafield><marc:datafield tag="505" ind1="0" ind2=" "><marc:subfield code="a">The dead past / Isaac Asimov -- The lens / Annemarie van Ewyck -- The hurkle is a happy beast / Theodore Sturgeon -- Zero hour / Ray Bradbury -- Nine lives / Ursula K. Le Guin -- The muse / Anthony Burgess -- The public hating / Steve Allen -- Poor superman / Fritz Leiber -- Angouleme / Thomas M. Disch -- Stranger station / Damon Knight -- The dead fish / Boris Vian -- I was the first to find you / Kirill Bulychev -- The lineman / Walter M. Miller, Jr. -- Tlön, Uqbar, Orbis Tertius / Jorge Luis Borges -- Codemus / Tor Åge Bringsvaerd -- A kind of artistry / Brian Aldiss -- Second variety / Philip K. Dick -- Weihnachtsabend / Keith Roberts -- I do not love thee, Doctor Fell / Robert Bloch -- Aye, and Gomorrah-- / Samuel R. Delany -- How Erg the Self-inducting slew a paleface / Stanislaw Lem -- Nobody's home / Joanna Russ -- Party line / Gérard Klein -- The proud robot / Lewis Padgett -- Vintage season / Henry Kuttner and C.L. Moore -- Way to Amalteia / Arkady and Boris Strugatsky.</marc:subfield></marc:datafield><marc:datafield tag="520" ind1=" " ind2=" "><marc:subfield code="a">Includes Vonnegut, Kurt Jr., &quot;Harrison Bergeron&quot;/Campbell, John W. Jr., &quot;Forgetfulness&quot;/Berryman, John, &quot;Special Flight&quot;/Ballard, J.G., &quot;Chronopolis&quot;/Tensei, Kono, &quot;Triceratops&quot;/Sturgeon, Theodore, &quot;The Man Who Lost the Sea&quot;/Armer, Karl Michael, &quot;On the Inside Track&quot;/Davidson, Avram, &quot;The Golem&quot;/Rebetez-Cortes, Rene, &quot;The New Prehistory&quot;/Clarke, Arthur C., &quot;A Meeting with Medusa&quot;/Klein, Gerard, &quot;The Valley of Echoes&quot;/Wolfe, Gene, &quot;The Fifth Head of Cerberus&quot;/Updike, John, &quot;The Chaste Planet&quot;/Henneberg, Nathalie-Charles, &quot;The Blind Pilot&quot;/Bester, Alfred, &quot;The Men Who Murdered Mohammed&quot;/Pairpuppets, &quot;Manuel van Loggem&quot;/Kornbluth, C.M., &quot;Two Dooms&quot;/Lem, Stanislaw, &quot;Tale of the Computer that Fought a Dragon&quot;/Heinlein, Robert A., &quot;The Green Hills of Earth&quot;/Sheckley, Robert, &quot;Ghost V&quot;/Varley, John, &quot;The Phantom of Kansas&quot;/Nesvadba, Josef, &quot;Captain Nemo's Last Adventure&quot;/Niven, Larry, &quot;Inconstant Moon&quot;/Pohl, Frederik, &quot;The Gold at the Starbow's End&quot;/Calvino, Italo, &quot;A Sign in Space&quot; &quot;The Spiral&quot;/Asimov Isaac, &quot;The Dead Past&quot;/van Ewyck, Annemarie, &quot;The Lens&quot;/Sturgeon, Theodore, &quot;The Hurkle Is a Happy Beast&quot;/Bradbury, Ray, &quot;Zero Hour&quot;/Le Guin, Ursula K., &quot;Nine Lives&quot;/Burgess, Anthony, &quot;The Muse&quot;/Allen, Steve, &quot;The Public Hating&quot;/Leiber, Fritz, &quot;Poor Superman&quot;/Disch, Thomas M., &quot;Angouleme&quot;/Knight, Damon, &quot;Stranger Station&quot; and more.</marc:subfield></marc:datafield><marc:datafield tag="650" ind1=" " ind2="0"><marc:subfield code="a">Science fiction</marc:subfield><marc:subfield code="x">Translations into English.</marc:subfield></marc:datafield><marc:datafield tag="650" ind1=" " ind2="0"><marc:subfield code="a">Science fiction.</marc:subfield></marc:datafield><marc:datafield tag="650" ind1=" " ind2="7"><marc:subfield code="a">Science fiction.</marc:subfield><marc:subfield code="2">fast</marc:subfield></marc:datafield><marc:datafield tag="655" ind1=" " ind2="7"><marc:subfield code="a">Science fiction.</marc:subfield><marc:subfield code="2">lcsh</marc:subfield></marc:datafield><marc:datafield tag="655" ind1=" " ind2="7"><marc:subfield code="a">Translations.</marc:subfield><marc:subfield code="2">fast</marc:subfield></marc:datafield><marc:datafield tag="700" ind1="1" ind2=" "><marc:subfield code="a">Fadiman, Clifton,</marc:subfield><marc:subfield code="d">1904-1999.</marc:subfield></marc:datafield><marc:datafield tag="700" ind1="1" ind2=" "><marc:subfield code="a">Hartwell, David G.</marc:subfield></marc:datafield><marc:datafield tag="830" ind1=" " ind2="0"><marc:subfield code="a">World treasury.</marc:subfield></marc:datafield></marc:record>