
<marc:record><marc:leader>07710cam a22005053a 4500</marc:leader>
<marc:controlfield tag="001">12314852</marc:controlfield>
<marc:controlfield tag="003">SE-LIBR</marc:controlfield><marc:controlfield tag="005">20150428115812.0</marc:controlfield><marc:controlfield tag="007">cr |||   |||||         </marc:controlfield><marc:controlfield tag="008">110927s2010    xxkaf|||o|||||000 0|eng|d</marc:controlfield><marc:datafield tag="020" ind1=" " ind2=" "><marc:subfield code="a">0230289479</marc:subfield><marc:subfield code="c">£19.96</marc:subfield></marc:datafield><marc:datafield tag="020" ind1=" " ind2=" "><marc:subfield code="a">9780230289475</marc:subfield><marc:subfield code="c">£19.96</marc:subfield></marc:datafield><marc:datafield tag="020" ind1=" " ind2=" "><marc:subfield code="z">9780230275591 (Print)</marc:subfield></marc:datafield><marc:datafield tag="040" ind1=" " ind2=" "><marc:subfield code="a">UK-WkNB</marc:subfield><marc:subfield code="b">eng</marc:subfield><marc:subfield code="c">UK-WkNB</marc:subfield><marc:subfield code="e">a</marc:subfield></marc:datafield><marc:datafield tag="041" ind1=" " ind2=" "><marc:subfield code="a">eng</marc:subfield></marc:datafield><marc:datafield tag="072" ind1=" " ind2="7"><marc:subfield code="a">HBJD1</marc:subfield><marc:subfield code="2">bicssc</marc:subfield></marc:datafield><marc:datafield tag="072" ind1=" " ind2="7"><marc:subfield code="a">HBTB</marc:subfield><marc:subfield code="2">bicssc</marc:subfield></marc:datafield><marc:datafield tag="072" ind1=" " ind2="7"><marc:subfield code="a">HIS</marc:subfield><marc:subfield code="2">eflch</marc:subfield></marc:datafield><marc:datafield tag="072" ind1=" " ind2="7"><marc:subfield code="a">JFFE</marc:subfield><marc:subfield code="2">bicssc</marc:subfield></marc:datafield><marc:datafield tag="100" ind1="1" ind2=" "><marc:subfield code="a">Bloom, Clive.</marc:subfield><marc:subfield code="4">aut</marc:subfield><marc:subfield code="1">http://viaf.org/viaf/267754017</marc:subfield><marc:subfield code="4">http://rdaregistry.info/Elements/w/object/P10061</marc:subfield></marc:datafield><marc:datafield tag="240" ind1="1" ind2="0"><marc:subfield code="a">Violent London</marc:subfield><marc:subfield code="1">http://viaf.org/viaf/267754017/violentlondon</marc:subfield></marc:datafield><marc:datafield tag="245" ind1="1" ind2="0"><marc:subfield code="a">Violent London</marc:subfield><marc:subfield code="h">[Elektronisk resurs]</marc:subfield><marc:subfield code="b">2000 years of riots, rebels and revolts /</marc:subfield><marc:subfield code="c">Clive Bloom.</marc:subfield></marc:datafield><marc:datafield tag="264" ind1=" " ind2="1"><marc:subfield code="a">Basingstoke :</marc:subfield><marc:subfield code="b">Palgrave Macmillan,</marc:subfield><marc:subfield code="c">2010</marc:subfield></marc:datafield><marc:datafield tag="300" ind1=" " ind2=" "><marc:subfield code="a">616 p.</marc:subfield><marc:subfield code="b">15 b&amp;w, ill.,  plates, 44 b&amp;w.</marc:subfield></marc:datafield><marc:datafield tag="336" ind1=" " ind2=" "><marc:subfield code="a">tekst</marc:subfield><marc:subfield code="0">http://rdaregistry.info/termList/RDAContentType/1020</marc:subfield></marc:datafield><marc:datafield tag="337" ind1=" " ind2=" "><marc:subfield code="a">uformidlet</marc:subfield><marc:subfield code="0">http://rdaregistry.info/termList/RDAMediaType/1007</marc:subfield></marc:datafield><marc:datafield tag="338" ind1=" " ind2=" "><marc:subfield code="a">bind</marc:subfield><marc:subfield code="0">http://rdaregistry.info/termList/RDACarrierType/1049</marc:subfield></marc:datafield><marc:datafield tag="380" ind1=" " ind2=" "><marc:subfield code="a">Språkbasert verk</marc:subfield><marc:subfield code="1">https://schema.nb.no/Bibliographic/Values/V1000</marc:subfield></marc:datafield><marc:datafield tag="365" ind1=" " ind2=" "><marc:subfield code="a">02</marc:subfield><marc:subfield code="b">19.96</marc:subfield><marc:subfield code="c">GBP</marc:subfield><marc:subfield code="d">00</marc:subfield><marc:subfield code="h">S 14.86 20.0 17.83 2.97</marc:subfield><marc:subfield code="i">Z 2.12 0.0 2.12 0.00</marc:subfield><marc:subfield code="j">GB</marc:subfield><marc:subfield code="k">xxk</marc:subfield><marc:subfield code="m">Palgrave Macmillan</marc:subfield><marc:subfield code="2">onix-pt</marc:subfield></marc:datafield><marc:datafield tag="366" ind1=" " ind2=" "><marc:subfield code="b">20100908</marc:subfield><marc:subfield code="c">IP 20110105</marc:subfield><marc:subfield code="j">GB</marc:subfield><marc:subfield code="k">xxk</marc:subfield><marc:subfield code="m">Palgrave Macmillan</marc:subfield><marc:subfield code="2">UK-WkNB</marc:subfield></marc:datafield><marc:datafield tag="500" ind1=" " ind2=" "><marc:subfield code="a">Electronic book text.</marc:subfield></marc:datafield><marc:datafield tag="500" ind1=" " ind2=" "><marc:subfield code="a">Epublication based on: 9780230275591, 2003.</marc:subfield></marc:datafield><marc:datafield tag="505" ind1="8" ind2=" "><marc:subfield code="a">List of Illustrations Map Preface to Palgrave Edition Acknowledgements to Palgrave Edition A Desolation they called Peace: The Destruction of London in AD 60 'Offence - A Londoner': The Peasants' Revolt to Evil May Day 'We'll no need the Papists noo!': Criminalizing Catholics from the Babington Plot to Guy Fawkes Free-Born John: Levellers, Fifth Monarchy Men and the Peace Women Murderous Fantasies: The Great Fire to the Popish Plot George's War: From the Jacobites to the Gordon Riots The Ape-Like Irish: The Aftermath of the Gordon Riots, the Catholic Emancipation Act and the Garibaldi Riots 'Wilkes and Liberty': The Political Riot The United States of England: The English Jacobins to the Cato Street Conspirators Monster Rallies: The War with the Chartists, the 'Sally Army' and the Rebellious Schoolchildren of London Persecuting Pigeons: Trafalgar Square and Bloody Sunday 'Good Old Dynamite': London's War with the Bombers  Women Behaving Badly: The Suffragettes Huns and Hashish: The Yellow Peril to the German Pogrom Comrades All: Red London to Red Ken Brave Boys of the BUF: The Origins of London Fascism Not Quite Kosher: The Jews of London, Jeffrey Hamm and the Return of Oswald Mosley Alien Nation: Indian Assassins and Black Radicals The Tiber Flowing with Much Blood: Enoch Powell, Notting Hill and Hackney Like Rorke's Drift: Hackney, Brick Lane and Lewisham Anarchy in the UK: Private Armies, Vigilantes and the New Cross Fire Living on the Front Line: Brixton to Broadwater Farm-- the Stephen Lawrence Case to the Soho Bomber One, Two, Three, What Are We Fighting For?: Grosvenor Square to Moon at the Monarchy 2000 Back to the Future: Poll Tax Rebels and Tenant Strikers The Free Republic of Wanstonia: The Fight for London's Green Spaces Never Underestimate a Minority: Guerrilla Gardeners and the Countryside Alliance The Man in the Third Carriage - 7/7 and its Consequences Operation Glencoe -- G20, Ian Tomlinson and the Future of Street Protest Epilogue: Watching the River Flow: Surveillance and Terror Appendix One: Shadow of a Warrior Queen: Boudicca and the Destruction of London: Unanswered Questions Appendix Two: The Huguenot and Italian Legacy Appendix Three: Assassination Attempts on the Royal Family Notes Index.</marc:subfield></marc:datafield><marc:datafield tag="516" ind1=" " ind2=" "><marc:subfield code="a">Document</marc:subfield></marc:datafield><marc:datafield tag="520" ind1=" " ind2=" "><marc:subfield code="a">Almost as soon as it was built, London suffered the first of many acts of violent protest, when Boudica and her followers set fire to the city in AD 60. Ever since, the capital's streets have been a forum for popular insurrection. Covering nearly 2,000 years of political protest, this is a riveting alternative history of past and present conflict.</marc:subfield><marc:subfield code="b">Almost as soon as it was built, London suffered the first of many acts of violent protest, when Boudica and her followers set fire to the city in AD 60. Ever since, the capital's streets have been a forum for popular insurrection.  Covering nearly 2,000 years of protest -- from Wat Tyler to the G20 - this is the story of an alternative London, and an alternative history of the British Isles: outside parliamentary processes and in direct confrontation with the forces of the state. It is a story of political activism expressed in street fighting and slum warfare, in assassination and bombing, peopled by a fascinating array of demagogues, democrats, bigots and social revolutionaries. It is also the story of the growth of London as a capital and as a major city.  This fully revised and comprehensive edition contains new chapters on the 7/7 attacks, the deaths of Jean Charles de Menezes and Ian Tomlinson, recent environmental, anti-capitalist and libertarian protest, and a discussion of the importance of current laws on terrorism, civil rights and the policing of protests.</marc:subfield></marc:datafield><marc:datafield tag="520" ind1="1" ind2=" "><marc:subfield code="a">'This isn't just a history of riots and revolts: because each disturbance has to be placed in context, this is a political history which is made all the more interesting because it concentrates on the flashpoints, and the events which caused them. ' - The Guardian     '![an] ambitious and erudite chronicle of protest in the capital!assiduously researched...' - The Times   Reviews of 1st edition (Pan):    'An exhilarating rush through countless riots, insurrections and full-blown street wars...written in a racy and accessible style...As I read this superb history, I looked out at my quiet suburban garden, disappointed not to hear the sound of trumpets.' - J. G Ballard, Daily Telegraph   'A breathless but exhilarating journey from Boudica to such recent events as the aftermath of September 11th and the march of the Countryside Alliance, Bloom's viewpoint is nicley balanced, critical of government and especially of the police, but not unreasonably so, and not too passionately keen that the rebels should win every time.' - Times Literary Supplement   'Seamless, full of information, connections and insights.' - Juliet Gardiner, BBC History Magazine     ' [A] masterful study.' - Max Dunbar, 3:AM Magazine.</marc:subfield></marc:datafield><marc:datafield tag="538" ind1=" " ind2=" "><marc:subfield code="a">PDF.</marc:subfield></marc:datafield><marc:datafield tag="545" ind1="0" ind2=" "><marc:subfield code="a">CLIVE BLOOM is Emeritus Professor of English and American Studies at Middlesex University, UK. Widely published and Series Editor of Palgrave Macmillan's Crime Files series, he is the author of Literature, Politics and Intellectual Crisis in Britain Today (Palgrave Macmillan, 2000) and Cult Fiction (Palgrave Macmillan 1996), amongst many other titles.</marc:subfield></marc:datafield><marc:datafield tag="650" ind1=" " ind2="7"><marc:subfield code="a">British &amp; Irish history.</marc:subfield><marc:subfield code="2">bicssc</marc:subfield></marc:datafield><marc:datafield tag="650" ind1=" " ind2="7"><marc:subfield code="a">History.</marc:subfield><marc:subfield code="2">eflch</marc:subfield></marc:datafield><marc:datafield tag="650" ind1=" " ind2="7"><marc:subfield code="a">Social &amp; cultural history.</marc:subfield><marc:subfield code="2">bicssc</marc:subfield></marc:datafield><marc:datafield tag="650" ind1=" " ind2="7"><marc:subfield code="a">Violence in society.</marc:subfield><marc:subfield code="2">bicssc</marc:subfield></marc:datafield><marc:datafield tag="856" ind1="4" ind2="0"><marc:subfield code="5">Hdig</marc:subfield><marc:subfield code="u">http://link.sub.su.se/sfxsub?url_ver=Z39.88-2004&amp;ctx_ver=Z39.88-2004&amp;ctx_enc=info:ofi/enc:UTF-8&amp;rfr_id=info:sid/sfxit.com:opac_856&amp;url_ctx_fmt=info:ofi/fmt:kev:mtx:ctx&amp;sfx.ignore_date_threshold=1&amp;rft.object_id=2670000000070141&amp;svc_val_fmt=info:ofi/fmt:kev:mtx:sch_svc&amp;</marc:subfield><marc:subfield code="z">Tillgänglig för användare inom Stockholms universitet</marc:subfield><marc:subfield code="z">SpringerLink Books - AutoHoldings:Full Text</marc:subfield></marc:datafield><marc:datafield tag="856" ind1="4" ind2="0"><marc:subfield code="5">Ldix</marc:subfield><marc:subfield code="u">http://ludwig.lub.lu.se/login?url=https://link.springer.com/10.1057/9780230289475</marc:subfield><marc:subfield code="z">Online access for Lund University</marc:subfield><marc:subfield code="z">Palgrave History Collection 2010</marc:subfield></marc:datafield><marc:datafield tag="856" ind1="4" ind2="2"><marc:subfield code="u">http://dx.doi.org/10.1057/9780230289475</marc:subfield><marc:subfield code="x">856other</marc:subfield><marc:subfield code="z">Table of Contents / Abstracts</marc:subfield></marc:datafield></marc:record>