
<marc:record><marc:leader>03091cam a22004217i 4500</marc:leader>
<marc:controlfield tag="001">p17x0ksrmng803dd</marc:controlfield>
<marc:controlfield tag="003">SE-LIBR</marc:controlfield><marc:controlfield tag="005">20200824101038.0</marc:controlfield><marc:controlfield tag="008">200427s2020    enk||||||b||||001 0|eng| </marc:controlfield><marc:datafield tag="010" ind1=" " ind2=" "><marc:subfield code="a">2019049200</marc:subfield></marc:datafield><marc:datafield tag="015" ind1=" " ind2=" "><marc:subfield code="a">GBC036006</marc:subfield><marc:subfield code="2">bnb</marc:subfield></marc:datafield><marc:datafield tag="016" ind1="7" ind2=" "><marc:subfield code="a">019737671</marc:subfield><marc:subfield code="2">Uk</marc:subfield></marc:datafield><marc:datafield tag="020" ind1=" " ind2=" "><marc:subfield code="a">0262538857</marc:subfield></marc:datafield><marc:datafield tag="020" ind1=" " ind2=" "><marc:subfield code="a">0854882812</marc:subfield></marc:datafield><marc:datafield tag="020" ind1=" " ind2=" "><marc:subfield code="a">9780262538855</marc:subfield><marc:subfield code="q">(paperback)</marc:subfield></marc:datafield><marc:datafield tag="020" ind1=" " ind2=" "><marc:subfield code="a">9780854882816</marc:subfield></marc:datafield><marc:datafield tag="040" ind1=" " ind2=" "><marc:subfield code="a">Ko</marc:subfield><marc:subfield code="b">eng</marc:subfield><marc:subfield code="c">DLC</marc:subfield><marc:subfield code="d">OCLCO</marc:subfield><marc:subfield code="d">OCLCF</marc:subfield><marc:subfield code="d">YDX</marc:subfield><marc:subfield code="d">ERASA</marc:subfield><marc:subfield code="d">UKMGB</marc:subfield><marc:subfield code="e">i</marc:subfield><marc:subfield code="e">rda</marc:subfield></marc:datafield><marc:datafield tag="041" ind1=" " ind2=" "><marc:subfield code="a">eng</marc:subfield></marc:datafield><marc:datafield tag="042" ind1=" " ind2=" "><marc:subfield code="a">pcc</marc:subfield></marc:datafield><marc:datafield tag="050" ind1=" " ind2="0"><marc:subfield code="a">PN3433.6</marc:subfield></marc:datafield><marc:datafield tag="082" ind1="0" ind2="0"><marc:subfield code="a">809.3/8762</marc:subfield><marc:subfield code="2">23</marc:subfield></marc:datafield><marc:datafield tag="245" ind1="1" ind2="0"><marc:subfield code="a">Science fiction /</marc:subfield><marc:subfield code="c">edited by Dan Byrne-Smith.</marc:subfield></marc:datafield><marc:datafield tag="264" ind1=" " ind2="1"><marc:subfield code="a">London :</marc:subfield><marc:subfield code="b">Whitechapel Gallery ;</marc:subfield><marc:subfield code="a">Cambridge, Massachusetts :</marc:subfield><marc:subfield code="b">The MIT Press,</marc:subfield><marc:subfield code="c">2020</marc:subfield></marc:datafield><marc:datafield tag="300" ind1=" " ind2=" "><marc:subfield code="a">238 pages</marc:subfield><marc:subfield code="c">21 cm.</marc:subfield></marc:datafield><marc:datafield tag="336" ind1=" " ind2=" "><marc:subfield code="a">text</marc:subfield><marc:subfield code="b">txt</marc:subfield><marc:subfield code="2">rdacontent</marc:subfield></marc:datafield><marc:datafield tag="337" ind1=" " ind2=" "><marc:subfield code="a">unmediated</marc:subfield><marc:subfield code="b">n</marc:subfield><marc:subfield code="2">rdamedia</marc:subfield></marc:datafield><marc:datafield tag="338" ind1=" " ind2=" "><marc:subfield code="a">volume</marc:subfield><marc:subfield code="b">nc</marc:subfield><marc:subfield code="2">rdacarrier</marc:subfield></marc:datafield><marc:datafield tag="490" ind1="0" ind2=" "><marc:subfield code="a">Documents of contemporary art</marc:subfield></marc:datafield><marc:datafield tag="504" ind1=" " ind2=" "><marc:subfield code="a">Includes bibliographical references and index.</marc:subfield></marc:datafield><marc:datafield tag="520" ind1=" " ind2=" "><marc:subfield code="a">&quot;In the past two decades, artists, and writers have increasingly adopted the idea that science fiction can be understood as a lens through which to search for fragments of truth emerging from the past or the future, and the proliferation of science fiction in contemporary art practice and discourse reflects an increased understanding of how this narrative field continues to grow in relevance. Split into four distinct approaches, &quot;estrangement,&quot; &quot;futures,&quot; &quot;posthumanism,&quot; and &quot;ecologies,&quot; this unique collection gathers key examples of the influence of science fiction in recent cultural development: from the integration and acceleration of technological change, to global urbanization and concepts of futurity; from the boundaries of social structures and non-human life, to the threatening self-evidence of climate change. This book is the first major anthology to focus on relationships between science fiction and contemporary art, and is an essential read for all those exploring this vital genre. Artists surveyed include Denenge Akpem, Laylah Ali, Allora &amp; Calzadilla, Pawel Althamer, Carol Bove, Lee Bul, Mark Dion, Jimmie Durham, Ellen Gallagher, Robert Gober, Eduardo Kac, Mikhail Karikis, Patrick Keiller, Karen Kilimnik, Jeff Koons, Moon Kyungwon and Jeon Joonho, Lawrence Lek, Paul McCarthy, Mariko Mori, David Musgrave, Otolith Group, Eduardo Paolozzi, Kiki Smith, Sun Ra, Suzanne Treister, Jeff Wall. Writers include Peio Aguirre, Margaret Atwood, J.G. Ballard, Tiffany E. Barber, Jean Baudrillard, Franco 'Bifo' Beradi, Rosie Braidotti, Rachel Carson, Jeffrey Deitch, Donna Haraway, Cathy Lane, Amna Malik, Tom McCarthy, Alondra Nelson, Gwyneth Shanks, Jan Tumlir, Xin Wang, Gilda Williams&quot;--</marc:subfield><marc:subfield code="c">Provided by publisher.</marc:subfield></marc:datafield><marc:datafield tag="650" ind1=" " ind2="0"><marc:subfield code="a">Art and literature.</marc:subfield></marc:datafield><marc:datafield tag="650" ind1=" " ind2="0"><marc:subfield code="a">Science fiction</marc:subfield></marc:datafield><marc:datafield tag="650" ind1=" " ind2="0"><marc:subfield code="a">Science fiction</marc:subfield><marc:subfield code="x">History and criticism.</marc:subfield></marc:datafield><marc:datafield tag="650" ind1=" " ind2="7"><marc:subfield code="a">Art and literature.</marc:subfield><marc:subfield code="2">fast</marc:subfield></marc:datafield><marc:datafield tag="650" ind1=" " ind2="7"><marc:subfield code="a">Science fiction</marc:subfield><marc:subfield code="0">https://id.kb.se/term/sao/Science%20fiction</marc:subfield><marc:subfield code="2">sao</marc:subfield></marc:datafield><marc:datafield tag="650" ind1=" " ind2="7"><marc:subfield code="a">Science fiction.</marc:subfield><marc:subfield code="2">fast</marc:subfield></marc:datafield><marc:datafield tag="655" ind1=" " ind2="7"><marc:subfield code="a">Criticism, interpretation, etc.</marc:subfield><marc:subfield code="2">fast</marc:subfield></marc:datafield><marc:datafield tag="700" ind1="1" ind2=" "><marc:subfield code="a">Byrne-Smith, Dan</marc:subfield><marc:subfield code="4">edt</marc:subfield></marc:datafield></marc:record>