
<marc:record><marc:leader>07721cam a22006137i 4500</marc:leader>
<marc:controlfield tag="001">jsccdkllgr9qkxcr</marc:controlfield>
<marc:controlfield tag="003">SE-LIBR</marc:controlfield><marc:controlfield tag="005">20190325085034.0</marc:controlfield><marc:controlfield tag="008">190227t20182018enk|||||||||||000 0|eng|d</marc:controlfield><marc:datafield tag="020" ind1=" " ind2=" "><marc:subfield code="a">191224828X</marc:subfield><marc:subfield code="q">(pbk.)</marc:subfield></marc:datafield><marc:datafield tag="020" ind1=" " ind2=" "><marc:subfield code="a">9781912248285</marc:subfield><marc:subfield code="q">(pbk.)</marc:subfield></marc:datafield><marc:datafield tag="040" ind1=" " ind2=" "><marc:subfield code="a">Gbg</marc:subfield><marc:subfield code="b">eng</marc:subfield><marc:subfield code="c">YDX</marc:subfield><marc:subfield code="e">i</marc:subfield><marc:subfield code="e">rda</marc:subfield></marc:datafield><marc:datafield tag="041" ind1=" " ind2=" "><marc:subfield code="a">eng</marc:subfield></marc:datafield><marc:datafield tag="050" ind1=" " ind2="4"><marc:subfield code="a">PR6106.I75</marc:subfield></marc:datafield><marc:datafield tag="050" ind1=" " ind2="4"><marc:subfield code="a">PR6106.I845</marc:subfield></marc:datafield><marc:datafield tag="082" ind1="0" ind2="4"><marc:subfield code="a">824/.92</marc:subfield><marc:subfield code="2">23</marc:subfield></marc:datafield><marc:datafield tag="084" ind1=" " ind2=" "><marc:subfield code="a">Bfk</marc:subfield><marc:subfield code="2">kssb/8</marc:subfield></marc:datafield><marc:datafield tag="084" ind1=" " ind2=" "><marc:subfield code="a">Ij:oa</marc:subfield><marc:subfield code="2">kssb/8</marc:subfield></marc:datafield><marc:datafield tag="084" ind1=" " ind2=" "><marc:subfield code="a">Oabkba-e</marc:subfield><marc:subfield code="2">kssb/8</marc:subfield></marc:datafield><marc:datafield tag="084" ind1=" " ind2=" "><marc:subfield code="a">Ocgc</marc:subfield><marc:subfield code="2">kssb/8</marc:subfield></marc:datafield><marc:datafield tag="100" ind1="1" ind2=" "><marc:subfield code="a">Fisher, Mark,</marc:subfield><marc:subfield code="d">1968-2017</marc:subfield><marc:subfield code="4">aut</marc:subfield></marc:datafield><marc:datafield tag="245" ind1="1" ind2="0"><marc:subfield code="a">K-punk :</marc:subfield><marc:subfield code="b">the collected and unpublished writings of Mark Fisher (2004-2016) /</marc:subfield><marc:subfield code="c">edited by Darren Ambrose ; foreword by Simon Reynolds.</marc:subfield></marc:datafield><marc:datafield tag="264" ind1=" " ind2="1"><marc:subfield code="a">London, UK :</marc:subfield><marc:subfield code="b">Repeater,</marc:subfield><marc:subfield code="c">2018</marc:subfield></marc:datafield><marc:datafield tag="264" ind1=" " ind2="4"><marc:subfield code="c">©2018</marc:subfield></marc:datafield><marc:datafield tag="300" ind1=" " ind2=" "><marc:subfield code="a">817 sidor</marc:subfield><marc:subfield code="c">24 cm</marc:subfield></marc:datafield><marc:datafield tag="336" ind1=" " ind2=" "><marc:subfield code="a">text</marc:subfield><marc:subfield code="b">txt</marc:subfield><marc:subfield code="2">rdacontent</marc:subfield></marc:datafield><marc:datafield tag="337" ind1=" " ind2=" "><marc:subfield code="a">unmediated</marc:subfield><marc:subfield code="b">n</marc:subfield><marc:subfield code="2">rdamedia</marc:subfield></marc:datafield><marc:datafield tag="338" ind1=" " ind2=" "><marc:subfield code="a">volume</marc:subfield><marc:subfield code="b">nc</marc:subfield><marc:subfield code="2">rdacarrier</marc:subfield></marc:datafield><marc:datafield tag="504" ind1=" " ind2=" "><marc:subfield code="a">Includes bibliographical references (pages 773-814).</marc:subfield></marc:datafield><marc:datafield tag="505" ind1="8" ind2=" "><marc:subfield code="a">Foreword / Simon Reynolds -- Editor's introduction / Darren Ambrose -- Why K?</marc:subfield></marc:datafield><marc:datafield tag="505" ind1="8" ind2=" "><marc:subfield code="a">Part five: We have to invent the future: interviews (They can be different in the future too: interviewed by Rowan Wilson for Ready, steady book (2010) ; Capitalism realism: : interviewed by for Richard Capes (2011) ; Preoccupying: : interviewed by the Occupied Times (2012) ; We need a post-capitalist vision: : interviewed by AntiCapitalist Initiative (2012) ; &quot;We have to invent the future&quot; an unseen interview with Mark Fisher (2012) ; Hauntology, nostalgia and lost futures : interviewed by Valerio Mannucci and Valerio Mattioli for Nero (2014))</marc:subfield></marc:datafield><marc:datafield tag="505" ind1="8" ind2=" "><marc:subfield code="a">Part four: For now, our desire is nameless: political writings (Don't vote, don't encourage them ; October 6, 1979: capitalism and bipolar disorder ; What if they had a protest and everyone came ; Defeating the Hydra ; The face of terrorism without a face ; Conspicuous force and verminisation ; My card, my life: comments on the AMEX Red campaign ; The great Bullingdon Club swindle ; The privatisation of stress ; Kettle logic ; Winter of discontent 2.0: notes on a month of militancy ; Football / capitalist realism / Utopia ; The game has changed ; Reality management ; UK tabloid ; The future is still ours: autonomy and post-capitalism ; Aesthetic poverty ; The only certainties are death and capital ; Why mental health is a political issue ; The London hunger games ; Time-wars: towards an alternative for the neo-capitalist era ; Not failing better, but fighting to win ; The happiness of Margaret Thatcher ; Suffering with a smile ; How to kill a zombie: strategising the end of neoliberalism ; Getting away with murder ; No one is bored, everything is boring ; A time for shadows ; Limbo is over ; Communist realism ; Pain now ; Abandon hope (Summer is coming) ; For now, our desire is nameless ; Anti-therapy ; Democracy is joy ; Cybergothic vs. steampunk ; Mannequin challenge)</marc:subfield></marc:datafield><marc:datafield tag="505" ind1="8" ind2=" "><marc:subfield code="a">Part one: Methods of dreaming: books (Book meme ; Space, time, light, all the essentials: reflections on J.G. Ballard season (BBC 4) ; Why I want to fuck Ronald Reagan ; A fairground's pastoral swings ; What are the politics of boredom?: (Ballard 2003 Remix) ; Let me be your fantasy ; Fantasy kits: Steven Meisel's &quot;State of emergency&quot; ; The assassination of J. G. Ballard ; A world of dread and fear ; Ripley's glam ; Methods of dreaming ; Atwood's anti-capitalism ; Toy stories: puppets, dolls and horror stories ; Zer0 Books statement)</marc:subfield></marc:datafield><marc:datafield tag="505" ind1="8" ind2=" "><marc:subfield code="a">Part six: We are not here to entertain you: reflections (One year later ... ; Spinoza, k-punk, Neuropunk ; Why Dissensus? ; New comments policy ; Comments policy (latest) ; Chronic demotivation ; How to keep Oedipus alive in cyberspace ; We dogmatists ; London litened ; No future 2012 ; Ridicule is nothing to be scared of (Slight return) ; Breakthrough in Grey lair ; Real abstractions: the application of theory in the modern world ; No I've never had a job ... ; Fear and misery in neoliberal Britain ; Exiting the vampire castle ; Good for nothing)</marc:subfield></marc:datafield><marc:datafield tag="505" ind1="8" ind2=" "><marc:subfield code="a">Part three: Choose your weapons: writing on music (The by now traditional Glasto rant ; Art pop, no, really ; k-punk, or the glampunk art pop discontinuum ; Noise as anti-capital: As the veneer of democracy starts to fade ; Lions after slumber, or what is sublimation today? ; The outside of everything now ; For your unpleasure: the hauter-couture of Goth ; It doesn't matter if we all die: the Cure's unholy trinity ; Look at the light ; Is pop undead? ; Memorex for the kraken: the Fall's pulp modernism ; Scritti's sweet sickness ; Postmodernism as pathology: Part 2 ; Choose your weapons ; Variations on a theme ; Running on empty ; You remind me of gold: dialogue with Mark Fisher and Simon Reynolds ; Militant tendencies feed music ; Autonomy in the UK ; The secret sadness of the twenty-first century: James Blake's Overgrown ; Review: David Bowie's The next day ; The man who has everything: Drake's Nothing was the same ; Break it down: DJ Rashad's Double cup ; Start your nonsense! on eMMplekz and Dolly Dolly ; Review: Sleaford Mods' Divide and exit and Clubbed up: The singles collection ; Test Dept: where leftist idealism and popular modernism collide ; No romance without finance)</marc:subfield></marc:datafield><marc:datafield tag="505" ind1="8" ind2=" "><marc:subfield code="a">Part two: Screens, dreams and spectres: film and television (A spoonful of sugar ; She's not my mother ; Stand up, Nigel Barton ; Portmeiron: an ideal for living ; Golgothic materialism ; This movie doesn't move me ; Fear and misery in the Third Reich 'n' Roll ; We want it all ; Gothic Oedipus: subjectivity and capitalism in Christiopher Nolan's Batman begins ; When we dream, do we dream we're Joey? ; Notes on Cronenberg's eXistenZ ; I filmed it so I didn't have to remember it myself ; Spectres of marker and the reality of the Third Way ; Dis-identity politics ; &quot;You have always been the caretaker&quot;: the spectral spaces of the Overlook Hotel ; Coffee bars and internment camps ; Rebel without a cause ; Robot historian in the ruins ; Review of Tyson ; &quot;They killed their mother&quot;; Avatar as ideological symbol ; Precarity and paternalism ; Return of the gift: Richard Kelly's The box ; Contributing to society ; 'Just relax and enjoy it&quot;: Gewarfenheit on the BBC ; Star Wars was a sell-out from the start ; Gilliam Wearing: Self made ; Batman's political right turn ; Remember who the enemy is ; Beyond good and evil: Breaking bad ; Classless broadcasting: Benefits Street ; Rooting for the enemy: The Americans ; How to let go: The leftovers, Broadchurch and The missing ; The strange death of British satire ; Review: Terminator Genisys ; The house that fame built: Celebrity Big Brother ; Sympathy for the androids: the twisted morality of Westworld)</marc:subfield></marc:datafield><marc:datafield tag="650" ind1=" " ind2="0"><marc:subfield code="a">Culture ¡ Philosophy</marc:subfield></marc:datafield><marc:datafield tag="650" ind1=" " ind2="0"><marc:subfield code="a">Essay</marc:subfield></marc:datafield><marc:datafield tag="650" ind1=" " ind2="0"><marc:subfield code="a">Essays</marc:subfield></marc:datafield><marc:datafield tag="650" ind1=" " ind2="0"><marc:subfield code="a">Neoliberalism</marc:subfield></marc:datafield><marc:datafield tag="650" ind1=" " ind2="0"><marc:subfield code="a">Philosophy</marc:subfield></marc:datafield><marc:datafield tag="650" ind1=" " ind2="0"><marc:subfield code="a">Philosophy, Modern</marc:subfield><marc:subfield code="y">21st century.</marc:subfield></marc:datafield><marc:datafield tag="650" ind1=" " ind2="0"><marc:subfield code="a">Punk culture</marc:subfield></marc:datafield><marc:datafield tag="650" ind1=" " ind2="7"><marc:subfield code="a">Essäer</marc:subfield><marc:subfield code="0">https://id.kb.se/term/sao/Ess%C3%A4er</marc:subfield><marc:subfield code="2">sao</marc:subfield></marc:datafield><marc:datafield tag="650" ind1=" " ind2="7"><marc:subfield code="a">Filosofi</marc:subfield><marc:subfield code="0">https://id.kb.se/term/sao/Filosofi</marc:subfield><marc:subfield code="2">sao</marc:subfield></marc:datafield><marc:datafield tag="650" ind1=" " ind2="7"><marc:subfield code="a">Kulturteori</marc:subfield><marc:subfield code="0">https://id.kb.se/term/sao/Kulturteori</marc:subfield><marc:subfield code="2">sao</marc:subfield></marc:datafield><marc:datafield tag="650" ind1=" " ind2="7"><marc:subfield code="a">Musik och samhälle</marc:subfield><marc:subfield code="0">https://id.kb.se/term/sao/Musik%20och%20samh%C3%A4lle</marc:subfield><marc:subfield code="2">sao</marc:subfield></marc:datafield><marc:datafield tag="650" ind1=" " ind2="7"><marc:subfield code="a">Nyliberalism</marc:subfield><marc:subfield code="0">https://id.kb.se/term/sao/Nyliberalism</marc:subfield><marc:subfield code="2">sao</marc:subfield></marc:datafield><marc:datafield tag="650" ind1=" " ind2="7"><marc:subfield code="a">Popkultur</marc:subfield><marc:subfield code="0">https://id.kb.se/term/sao/Popkultur</marc:subfield><marc:subfield code="2">sao</marc:subfield></marc:datafield><marc:datafield tag="650" ind1=" " ind2="7"><marc:subfield code="a">Punkare</marc:subfield><marc:subfield code="0">https://id.kb.se/term/sao/Punkare</marc:subfield><marc:subfield code="2">sao</marc:subfield></marc:datafield><marc:datafield tag="650" ind1=" " ind2="7"><marc:subfield code="a">Ungdomskultur</marc:subfield><marc:subfield code="0">https://id.kb.se/term/sao/Ungdomskultur</marc:subfield><marc:subfield code="2">sao</marc:subfield></marc:datafield><marc:datafield tag="651" ind1=" " ind2="7"><marc:subfield code="a">Storbritannien</marc:subfield><marc:subfield code="0">https://id.kb.se/term/sao/Storbritannien</marc:subfield><marc:subfield code="2">sao</marc:subfield></marc:datafield><marc:datafield tag="700" ind1="1" ind2=" "><marc:subfield code="a">Ambrose, Darren</marc:subfield><marc:subfield code="4">edt</marc:subfield></marc:datafield><marc:datafield tag="700" ind1="1" ind2=" "><marc:subfield code="a">Reynolds, Simon,</marc:subfield><marc:subfield code="d">1963-</marc:subfield><marc:subfield code="4">ctb</marc:subfield></marc:datafield></marc:record>