
<marc:record><marc:leader>01460cam a22002778a 4500</marc:leader>
<marc:controlfield tag="001">9510423</marc:controlfield>
<marc:controlfield tag="003">SE-LIBR</marc:controlfield><marc:controlfield tag="005">20181030230000.0</marc:controlfield><marc:controlfield tag="008">040526s2005    xxu||||||b||||001 0|eng|c</marc:controlfield><marc:datafield tag="010" ind1=" " ind2=" "><marc:subfield code="a">2004011715</marc:subfield></marc:datafield><marc:datafield tag="020" ind1=" " ind2=" "><marc:subfield code="a">0415345626</marc:subfield><marc:subfield code="q">cloth : alk. paper</marc:subfield></marc:datafield><marc:datafield tag="020" ind1=" " ind2=" "><marc:subfield code="a">0415345634</marc:subfield><marc:subfield code="q">pbk. : alk. paper</marc:subfield></marc:datafield><marc:datafield tag="040" ind1=" " ind2=" "><marc:subfield code="a">DLC</marc:subfield><marc:subfield code="c">DLC</marc:subfield><marc:subfield code="d">G</marc:subfield><marc:subfield code="e">a</marc:subfield></marc:datafield><marc:datafield tag="041" ind1=" " ind2=" "><marc:subfield code="a">eng</marc:subfield></marc:datafield><marc:datafield tag="050" ind1=" " ind2="0"><marc:subfield code="a">PN49</marc:subfield></marc:datafield><marc:datafield tag="082" ind1="0" ind2="0"><marc:subfield code="a">801/.3</marc:subfield><marc:subfield code="2">22</marc:subfield></marc:datafield><marc:datafield tag="084" ind1=" " ind2=" "><marc:subfield code="a">G:df</marc:subfield><marc:subfield code="2">kssb/7</marc:subfield></marc:datafield><marc:datafield tag="100" ind1="1" ind2=" "><marc:subfield code="a">Tighe, Carl,</marc:subfield><marc:subfield code="d">1950-</marc:subfield><marc:subfield code="4">aut</marc:subfield></marc:datafield><marc:datafield tag="245" ind1="1" ind2="0"><marc:subfield code="a">Writing and responsibility /</marc:subfield><marc:subfield code="c">Carl Tighe.</marc:subfield></marc:datafield><marc:datafield tag="264" ind1=" " ind2="1"><marc:subfield code="a">New York :</marc:subfield><marc:subfield code="b">Routledge,</marc:subfield><marc:subfield code="c">2005</marc:subfield></marc:datafield><marc:datafield tag="300" ind1=" " ind2=" "><marc:subfield code="a">165 s.</marc:subfield></marc:datafield><marc:datafield tag="504" ind1=" " ind2=" "><marc:subfield code="a">Includes bibliographical references and index.</marc:subfield></marc:datafield><marc:datafield tag="505" ind1="8" ind2=" "><marc:subfield code="a">Introduction -- Tradition -- Power -- Accuracy -- Kitsch -- Censorship -- Political correctness -- New kinds of sex: J.G. Ballard, crash -- Sex, satire, and sadism: Bret Easton Ellis, American psycho -- Faking a life: Binjamin Wilkomirski, Fragments -- Between Poland and Germany: Gunter Grass, The tin drum -- African reality: Wole Soyinka, 'The writer in a modern African state' -- Witches of Croatia: Dubravka Ugresic, The culture of lies.</marc:subfield></marc:datafield><marc:datafield tag="650" ind1=" " ind2="0"><marc:subfield code="a">Literature and morals.</marc:subfield></marc:datafield><marc:datafield tag="650" ind1=" " ind2="0"><marc:subfield code="a">Literature, Modern</marc:subfield><marc:subfield code="y">20th century</marc:subfield><marc:subfield code="x">History and criticism.</marc:subfield></marc:datafield><marc:datafield tag="856" ind1="4" ind2="0"><marc:subfield code="5">Odig</marc:subfield><marc:subfield code="u">https://openurl.oru.se?u.ignore_date_coverage=true&amp;rft.mms_id=999354079403663</marc:subfield><marc:subfield code="z">Tillgänglig inom Örebro universitet och externt för studenter och anställda vid universitetet</marc:subfield><marc:subfield code="z">fulltext</marc:subfield><marc:subfield code="z">Ebook Central Perpetual, DDA and Subscription Titles</marc:subfield></marc:datafield></marc:record>