
<marc:record><marc:leader>04453cam a22004093u 4500</marc:leader>
<marc:controlfield tag="001">13410333</marc:controlfield>
<marc:controlfield tag="003">SE-LIBR</marc:controlfield><marc:controlfield tag="005">20130211105702.0</marc:controlfield><marc:controlfield tag="006">m        d        </marc:controlfield><marc:controlfield tag="007">cr -n---------</marc:controlfield><marc:controlfield tag="008">120510s2011||||at      s|||||||||||eng|d</marc:controlfield><marc:datafield tag="020" ind1=" " ind2=" "><marc:subfield code="a">978-1-74269-379-8</marc:subfield><marc:subfield code="c">35.988 (NL)</marc:subfield></marc:datafield><marc:datafield tag="020" ind1=" " ind2=" "><marc:subfield code="z">978-1-74237-739-1 (print)</marc:subfield></marc:datafield><marc:datafield tag="040" ind1=" " ind2=" "><marc:subfield code="a">AU-PeEL</marc:subfield><marc:subfield code="b">eng</marc:subfield><marc:subfield code="c">AU-PeEL</marc:subfield><marc:subfield code="d">AU-PeEL</marc:subfield><marc:subfield code="d">Udig</marc:subfield><marc:subfield code="9">EBL_PDA</marc:subfield></marc:datafield><marc:datafield tag="050" ind1=" " ind2="4"><marc:subfield code="a">PN4874.H52 .H889 2011</marc:subfield></marc:datafield><marc:datafield tag="082" ind1="0" ind2="0"><marc:subfield code="a">814.54</marc:subfield></marc:datafield><marc:datafield tag="100" ind1="1" ind2=" "><marc:subfield code="a">Hitchens, Christopher,</marc:subfield><marc:subfield code="d">1949-2011</marc:subfield><marc:subfield code="0">308918</marc:subfield></marc:datafield><marc:datafield tag="245" ind1="1" ind2="0"><marc:subfield code="a">Arguably</marc:subfield><marc:subfield code="h">[Elektronisk resurs].</marc:subfield></marc:datafield><marc:datafield tag="260" ind1=" " ind2=" "><marc:subfield code="a">Sydney :</marc:subfield><marc:subfield code="b">Allen &amp; Unwin,</marc:subfield><marc:subfield code="c">2011.</marc:subfield></marc:datafield><marc:datafield tag="300" ind1=" " ind2=" "><marc:subfield code="a">1 online resource (809 p.)</marc:subfield></marc:datafield><marc:datafield tag="336" ind1=" " ind2=" "><marc:subfield code="a">tekst</marc:subfield><marc:subfield code="0">http://rdaregistry.info/termList/RDAContentType/1020</marc:subfield></marc:datafield><marc:datafield tag="337" ind1=" " ind2=" "><marc:subfield code="a">datamaskin</marc:subfield><marc:subfield code="0">http://rdaregistry.info/termList/RDAMediaType/1007</marc:subfield></marc:datafield><marc:datafield tag="338" ind1=" " ind2=" "><marc:subfield code="a">online ressurs</marc:subfield><marc:subfield code="0">http://rdaregistry.info/termList/RDACarrierType/1018</marc:subfield></marc:datafield><marc:datafield tag="380" ind1=" " ind2=" "><marc:subfield code="a">Språkbasert verk</marc:subfield><marc:subfield code="1">https://schema.nb.no/Bibliographic/Values/V1000</marc:subfield></marc:datafield><marc:datafield tag="500" ind1=" " ind2=" "><marc:subfield code="a">Description based upon print version of record.</marc:subfield></marc:datafield><marc:datafield tag="505" ind1="0" ind2=" "><marc:subfield code="a">Title page; Contents; Introduction; I. ALL AMERICAN; Gods of Our Fathers: The United States of Enlightenment; The Private Jefferson; Jefferson Versus the Muslim Pirates; Benjamin Franklin: Free and Easy; John Brown: The Man Who Ended Slavery; Abraham Lincoln: Misery's Child; Mark Twain: American Radical; Upton Sinclair: A Capitalist Primer; JFK: In Sickness and by Stealth; Saul Bellow: The Great Assimilator; Vladimir Nabokov: Hurricane Lolita; John Updike, Part One: No Way; John Updike, Part Two: Mr. Geniality; Vidal Loco; America the Banana Republic; An Anglosphere Future; Political Animals</marc:subfield></marc:datafield><marc:datafield tag="505" ind1="8" ind2=" "><marc:subfield code="a">Holiday in IraqTunisia: At the Desert's Edge; What Happened to the Suicide Bombers of Jerusalem?; Childhood's End: An African Nightmare; The Vietnam Syndrome; Once Upon a Time in Germany; Worse Than Nineteen Eighty-four; North Korea: A Nation of Racist Dwarves; The Eighteenth Brumaire of the Castro Dynasty; Hugo Boss; Is the Euro Doomed?; Overstating Jewish Power; The Case for Humanitarian Intervention; V. LEGACIES OF TOTALITARIANISM; Victor Serge: Pictures from an Inquisition; Andre Malraux: One Man's Fate; Arthur Koestler: The Zealot; Isabel Allende: Chile Redux; The Persian Version</marc:subfield></marc:datafield><marc:datafield tag="505" ind1="8" ind2=" "><marc:subfield code="a">Martin Amis: Lightness at Midnight</marc:subfield></marc:datafield><marc:datafield tag="505" ind1="8" ind2=" "><marc:subfield code="a">Old Enough to DieIn Defense of Foxhole Atheists; In Search of the Washington Novel; II. ECLECTIC AFFINITIES; Isaac Newton: Flaws of Gravity; The Men Who Made England: Hilary Mantel's Wolf Hall; Edmund Burke: Reactionary Prophet; Samuel Johnson: Demons and Dictionaries; Gustav Flaubert: I'm with Stupide; The Dark Side of Dickens; Marx's Journalism: The Grub Street Years; Rebecca West: Things Worth Fighting For; Ezra Pound: A Revolutionary Simpleton; On Animal Farm; Jessica Mitford's Poison Pen; W. Womerset Maugham: Poor Old Willie; Evelyn Waugh: The Permanent Adolescent</marc:subfield></marc:datafield><marc:datafield tag="505" ind1="8" ind2=" "><marc:subfield code="a">P. G. Wodehouse: The Honorable SchoolboyAnthony Powell: An Omnivorous Curiosity; John Buchan: Spy Thriller's Father; Graham Greene: I'll Be Damned; Death from a Salesman: Graham Greene's Bottled Ontology; Loving Philip Larkin; Stephen Spender: A Nice Bloody Fool; Edward Upward: The Captive Mind; C. L. R. James: Mid Off, Not Right On; J. G. Ballard: The Catastrophist; Fraser's Flashman: Scoundrel Time; Fleet Street's Finest: From Waugh to Frayn; Saki: Where the Wild Things Are; Harry Potter: The Boy Who Lived; III. AMUSEMENTS, ANNOYANCES, AND DISAPPOINTMENTS; Why Women Aren't Funny</marc:subfield></marc:datafield><marc:datafield tag="505" ind1="8" ind2=" "><marc:subfield code="a">Stieg Larsson: The Author Who Played with FireAs American as Apple Pie; So Many Men's Rooms, So Little Time; The New Commandments; In Your Face; Wine Drinkers of the World, Unite; Charles, Prince of Piffle; IV. OFFSHORE ACCOUNTS; Afghanistan's Dangerous Bet; First, Silence the Whistle-Blower; Believe Me, It's Torture; Iran's Waiting Game; Long Live Democratic Seismology; Benazir Bhutto: Daughter of Destiny; From Abbottabad to Worse; The Perils of Partition; Algeria: A French Quarrel; The Case of Orientalism; Edward Said: Where the Twain Should Have Met; The Swastika and the Cedar</marc:subfield></marc:datafield><marc:datafield tag="520" ind1=" " ind2=" "><marc:subfield code="a">A collection of the most important and controversial writings from the unapologetically provocative yet universally admired Christopher Hitchens.</marc:subfield></marc:datafield><marc:datafield tag="650" ind1=" " ind2="4"><marc:subfield code="a">Essays -- 20th century.</marc:subfield></marc:datafield><marc:datafield tag="650" ind1=" " ind2="4"><marc:subfield code="a">Essays -- 21st century.</marc:subfield></marc:datafield><marc:datafield tag="650" ind1=" " ind2="4"><marc:subfield code="a">Essays.</marc:subfield></marc:datafield><marc:datafield tag="655" ind1=" " ind2="0"><marc:subfield code="a">Electronic books.</marc:subfield></marc:datafield><marc:datafield tag="776" ind1="0" ind2="8"><marc:subfield code="i">Print:</marc:subfield><marc:subfield code="a">Hitchens, Christopher</marc:subfield><marc:subfield code="t">Arguably</marc:subfield><marc:subfield code="d">2011</marc:subfield><marc:subfield code="z">9781742377391</marc:subfield></marc:datafield></marc:record>