
<marc:record><marc:leader>02406cam a2200409 i 4500</marc:leader>
<marc:controlfield tag="001">w9xsv1nztwphbhrd</marc:controlfield>
<marc:controlfield tag="003">SE-LIBR</marc:controlfield><marc:controlfield tag="005">20210517193155.0</marc:controlfield><marc:controlfield tag="008">210517s2021    nyu|||||||||||000 j|eng| </marc:controlfield><marc:datafield tag="020" ind1=" " ind2=" "><marc:subfield code="a">1841596299</marc:subfield></marc:datafield><marc:datafield tag="020" ind1=" " ind2=" "><marc:subfield code="a">9781841596297</marc:subfield><marc:subfield code="q">(hardcover ;</marc:subfield><marc:subfield code="q">UK)</marc:subfield></marc:datafield><marc:datafield tag="040" ind1=" " ind2=" "><marc:subfield code="a">Gbg</marc:subfield><marc:subfield code="b">eng</marc:subfield><marc:subfield code="c">DLC</marc:subfield><marc:subfield code="d">OCLCO</marc:subfield><marc:subfield code="d">OCLCF</marc:subfield><marc:subfield code="d">NYP</marc:subfield><marc:subfield code="d">OCLCO</marc:subfield><marc:subfield code="e">i</marc:subfield><marc:subfield code="e">rda</marc:subfield></marc:datafield><marc:datafield tag="041" ind1=" " ind2=" "><marc:subfield code="a">eng</marc:subfield></marc:datafield><marc:datafield tag="042" ind1=" " ind2=" "><marc:subfield code="a">pcc</marc:subfield></marc:datafield><marc:datafield tag="050" ind1=" " ind2="0"><marc:subfield code="a">PR1309.D57</marc:subfield></marc:datafield><marc:datafield tag="082" ind1="0" ind2="0"><marc:subfield code="a">823.008/03561</marc:subfield><marc:subfield code="2">23</marc:subfield></marc:datafield><marc:datafield tag="245" ind1="1" ind2="4"><marc:subfield code="a">The best medicine :</marc:subfield><marc:subfield code="b">stories of healing /</marc:subfield><marc:subfield code="c">edited by Theodore Dalrymple.</marc:subfield></marc:datafield><marc:datafield tag="263" ind1=" " ind2=" "><marc:subfield code="a">2103</marc:subfield></marc:datafield><marc:datafield tag="264" ind1=" " ind2="1"><marc:subfield code="a">New York :</marc:subfield><marc:subfield code="b">Alfred A. Knopf,</marc:subfield><marc:subfield code="c">2021</marc:subfield></marc:datafield><marc:datafield tag="300" ind1=" " ind2=" "><marc:subfield code="a">501 pages</marc:subfield><marc:subfield code="c">19 cm</marc:subfield></marc:datafield><marc:datafield tag="336" ind1=" " ind2=" "><marc:subfield code="a">text</marc:subfield><marc:subfield code="b">txt</marc:subfield><marc:subfield code="2">rdacontent</marc:subfield></marc:datafield><marc:datafield tag="337" ind1=" " ind2=" "><marc:subfield code="a">unmediated</marc:subfield><marc:subfield code="b">n</marc:subfield><marc:subfield code="2">rdamedia</marc:subfield></marc:datafield><marc:datafield tag="338" ind1=" " ind2=" "><marc:subfield code="a">volume</marc:subfield><marc:subfield code="b">nc</marc:subfield><marc:subfield code="2">rdacarrier</marc:subfield></marc:datafield><marc:datafield tag="490" ind1="1" ind2=" "><marc:subfield code="a">Everyman's pocket classics</marc:subfield></marc:datafield><marc:datafield tag="505" ind1="8" ind2=" "><marc:subfield code="a">The doctor's experience. A doctor's visit / Anton Chekhov -- The forger / Samuel Warren -- The hard and the human / Elizabeth Berridge -- Sweethearts / Arthur Conan Doyle -- The embroidered towel / Mikhail Bulgakov -- The body-snatcher / Robert Louis Stevenson -- Minus one / J.G. Ballard -- Interpreter of maladies / Jhumpa Lahiri -- Consultations. Back to back / W.W. Jacobs -- A coup d'état / Guy de Maupassant -- Doctor Crombie / Graham Greene -- Airing a grievance / Anna Kavan -- Lord Mountdrago / W. Somerset Maugham -- I had to go sick / Julian Maclaren-Ross -- People like that are the only people here : canonical babbling in Peed Onk / Lorrie Moore / Dealing with illness. 'Swept and garnished' / Rudyard Kipling -- Let me feel your pulse -- O. Henry -- The paid nurse / William Carlos Williams -- Amy Foster / Joseph Conrad -- Lady with a lamp / Dorothy Parker -- Life-line / Robert A. Heinlein -- I will keep her company / Rhys Davies -- The moons of Jupiter / Alice Munro.</marc:subfield></marc:datafield><marc:datafield tag="520" ind1=" " ind2=" "><marc:subfield code="a">&quot;An anthology of short stories about physical and psychological illness, healing, and healers--featuring an array of classic and contemporary writers, from Anton Chekhov to Lorrie Moore&quot;--</marc:subfield><marc:subfield code="c">Provided by publisher.</marc:subfield></marc:datafield><marc:datafield tag="650" ind1=" " ind2="0"><marc:subfield code="a">Diseases</marc:subfield><marc:subfield code="v">Fiction.</marc:subfield></marc:datafield><marc:datafield tag="650" ind1=" " ind2="0"><marc:subfield code="a">Healing</marc:subfield><marc:subfield code="v">Fiction.</marc:subfield></marc:datafield><marc:datafield tag="650" ind1=" " ind2="0"><marc:subfield code="a">Short stories, American.</marc:subfield></marc:datafield><marc:datafield tag="650" ind1=" " ind2="0"><marc:subfield code="a">Short stories, English.</marc:subfield></marc:datafield><marc:datafield tag="650" ind1=" " ind2="7"><marc:subfield code="a">Diseases.</marc:subfield><marc:subfield code="2">fast</marc:subfield></marc:datafield><marc:datafield tag="650" ind1=" " ind2="7"><marc:subfield code="a">Healing.</marc:subfield><marc:subfield code="2">fast</marc:subfield></marc:datafield><marc:datafield tag="650" ind1=" " ind2="7"><marc:subfield code="a">Short stories, American.</marc:subfield><marc:subfield code="2">fast</marc:subfield></marc:datafield><marc:datafield tag="650" ind1=" " ind2="7"><marc:subfield code="a">Short stories, English.</marc:subfield><marc:subfield code="2">fast</marc:subfield></marc:datafield><marc:datafield tag="655" ind1=" " ind2="7"><marc:subfield code="a">Fiction.</marc:subfield><marc:subfield code="2">fast</marc:subfield></marc:datafield><marc:datafield tag="700" ind1="1" ind2=" "><marc:subfield code="a">Dalrymple, Theodore</marc:subfield><marc:subfield code="4">edt</marc:subfield></marc:datafield><marc:datafield tag="830" ind1=" " ind2="0"><marc:subfield code="a">Everyman's pocket classics</marc:subfield></marc:datafield></marc:record>