
<marc:record><marc:leader>01874cam a22002891a 4500</marc:leader>
<marc:controlfield tag="001">8395578</marc:controlfield>
<marc:controlfield tag="003">SE-LIBR</marc:controlfield><marc:controlfield tag="005">20020212104042.0</marc:controlfield><marc:controlfield tag="008">020212s1969    bl            000 0ceng c</marc:controlfield><marc:datafield tag="010" ind1=" " ind2=" "><marc:subfield code="a">72217690</marc:subfield></marc:datafield><marc:datafield tag="040" ind1=" " ind2=" "><marc:subfield code="a">DLC</marc:subfield><marc:subfield code="c">NmPE</marc:subfield><marc:subfield code="d">NmPE</marc:subfield><marc:subfield code="d">OCoLC</marc:subfield><marc:subfield code="d">DLC</marc:subfield></marc:datafield><marc:datafield tag="041" ind1="0" ind2=" "><marc:subfield code="a">eng</marc:subfield><marc:subfield code="a">por</marc:subfield></marc:datafield><marc:datafield tag="084" ind1=" " ind2=" "><marc:subfield code="a">F735.1</marc:subfield></marc:datafield><marc:datafield tag="111" ind1="2" ind2=" "><marc:subfield code="a">SF Symposium</marc:subfield><marc:subfield code="d">(1969 :</marc:subfield><marc:subfield code="c">Rio de Janeiro, Brazil)</marc:subfield></marc:datafield><marc:datafield tag="245" ind1="1" ind2="0"><marc:subfield code="a">SF symposium =</marc:subfield><marc:subfield code="b">FC simps̤io /</marc:subfield><marc:subfield code="c">edited by Jos ̌Sanz</marc:subfield></marc:datafield><marc:datafield tag="260" ind1=" " ind2=" "><marc:subfield code="a">Rio de Janeiro :</marc:subfield><marc:subfield code="b">Instituto do Cinema,</marc:subfield><marc:subfield code="c">1969</marc:subfield></marc:datafield><marc:datafield tag="300" ind1=" " ind2=" "><marc:subfield code="a">188 s. :</marc:subfield><marc:subfield code="b">ill. ;</marc:subfield><marc:subfield code="c">20 cm</marc:subfield></marc:datafield><marc:datafield tag="500" ind1=" " ind2=" "><marc:subfield code="a">&quot;A Arruda traduziu os textos.&quot;</marc:subfield></marc:datafield><marc:datafield tag="500" ind1=" " ind2=" "><marc:subfield code="a">Contributions in English and Portuguese; introd. and biographical material in Portuguese</marc:subfield></marc:datafield><marc:datafield tag="505" ind1="0" ind2=" "><marc:subfield code="a">Introduction / J. Sanz -- Homage to Boris Karloff and John Wyndham ; The shape of films to come in science fiction / F.J. Ackerman -- The debt of the film industry to science fiction classics / S. Moskowitz -- Men, myths and monsters / R. Bloch -- Problems of mutants of the human race / A.E. van Vogt --The empire of science fiction / B.W. Aldiss -- Word and image / P. Anderson -- A special kind of science fiction film / L. Gasca -- Science fiction in the real world / J. Brunner -- Films to come / H. Harrison -- How a science fiction author works / A. Bester -- Some aspects of movie-making in science fiction / W. Rilla -- The science fiction of social comment / F. Pohl -- Science fiction cannot be immune from change / J.G. Ballard -- The science fiction literature in France / J. Sadoul -- The role of the science fiction writer in the visual medium / H. Ellison -- The future isn't what it used to be / A.C. Clarke</marc:subfield></marc:datafield><marc:datafield tag="650" ind1=" " ind2="0"><marc:subfield code="a">Science fiction films</marc:subfield><marc:subfield code="x">Congresses</marc:subfield></marc:datafield><marc:datafield tag="650" ind1=" " ind2="0"><marc:subfield code="a">Science fiction</marc:subfield><marc:subfield code="x">Congresses</marc:subfield></marc:datafield><marc:datafield tag="650" ind1=" " ind2="4"><marc:subfield code="a">Sciencefictionfilm, kongresser</marc:subfield></marc:datafield><marc:datafield tag="700" ind1="1" ind2=" "><marc:subfield code="a">Sanz, Jos ̌</marc:subfield></marc:datafield><marc:datafield tag="710" ind1="2" ind2=" "><marc:subfield code="a">Instituto Nacional do Cinema (Brazil)</marc:subfield></marc:datafield><marc:datafield tag="740" ind1="0" ind2=" "><marc:subfield code="a">FC simps̤io</marc:subfield></marc:datafield><marc:datafield tag="740" ind1="0" ind2=" "><marc:subfield code="a">S F symposium</marc:subfield></marc:datafield></marc:record>