
<marc:record><marc:leader>03851cam a2200661ia 4500</marc:leader>
<marc:controlfield tag="001">gqjdnkg1dmd0p70w</marc:controlfield>
<marc:controlfield tag="003">SE-LIBR</marc:controlfield><marc:controlfield tag="005">20180809155231.0</marc:controlfield><marc:controlfield tag="008">180809s2015    fr ab||||b||||000 0|fre|d</marc:controlfield><marc:datafield tag="020" ind1=" " ind2=" "><marc:subfield code="a">2840667770</marc:subfield></marc:datafield><marc:datafield tag="020" ind1=" " ind2=" "><marc:subfield code="a">9782840667773</marc:subfield></marc:datafield><marc:datafield tag="024" ind1="3" ind2=" "><marc:subfield code="a">9782840667773</marc:subfield></marc:datafield><marc:datafield tag="040" ind1=" " ind2=" "><marc:subfield code="a">X</marc:subfield><marc:subfield code="b">eng</marc:subfield><marc:subfield code="c">IWC</marc:subfield></marc:datafield><marc:datafield tag="041" ind1="0" ind2=" "><marc:subfield code="a">fre</marc:subfield><marc:subfield code="a">eng</marc:subfield></marc:datafield><marc:datafield tag="050" ind1=" " ind2="4"><marc:subfield code="a">ML197</marc:subfield><marc:subfield code="b">.S68 2015</marc:subfield></marc:datafield><marc:datafield tag="050" ind1=" " ind2="4"><marc:subfield code="a">ML3916</marc:subfield><marc:subfield code="b">.S66 2015</marc:subfield></marc:datafield><marc:datafield tag="082" ind1="0" ind2="4"><marc:subfield code="a">780.9/04</marc:subfield><marc:subfield code="2">23</marc:subfield></marc:datafield><marc:datafield tag="245" ind1="1" ind2="0"><marc:subfield code="a">Sounds of utopia =</marc:subfield><marc:subfield code="b">Sonorités de l'utopie /</marc:subfield><marc:subfield code="c">issue editied by Matthieu Saladin = dossier dirigé par Matthieu Saladin.</marc:subfield></marc:datafield><marc:datafield tag="246" ind1="1" ind2="0"><marc:subfield code="a">Sonorités de l'utopie</marc:subfield></marc:datafield><marc:datafield tag="264" ind1=" " ind2="1"><marc:subfield code="a">[Mulhouse, France] :</marc:subfield><marc:subfield code="b">Haute école des arts du Rhin ;</marc:subfield><marc:subfield code="a">Dijon, France :</marc:subfield><marc:subfield code="b">Les presses du réel,</marc:subfield><marc:subfield code="c">[2015]</marc:subfield></marc:datafield><marc:datafield tag="264" ind1=" " ind2="1"><marc:subfield code="c">2015</marc:subfield></marc:datafield><marc:datafield tag="300" ind1=" " ind2=" "><marc:subfield code="a">555 pages</marc:subfield><marc:subfield code="b">illustrations, maps</marc:subfield><marc:subfield code="c">23 cm.</marc:subfield></marc:datafield><marc:datafield tag="336" ind1=" " ind2=" "><marc:subfield code="a">text</marc:subfield><marc:subfield code="b">txt</marc:subfield><marc:subfield code="2">rdacontent</marc:subfield></marc:datafield><marc:datafield tag="337" ind1=" " ind2=" "><marc:subfield code="a">unmediated</marc:subfield><marc:subfield code="b">n</marc:subfield><marc:subfield code="2">rdamedia</marc:subfield></marc:datafield><marc:datafield tag="338" ind1=" " ind2=" "><marc:subfield code="a">volume</marc:subfield><marc:subfield code="b">nc</marc:subfield><marc:subfield code="2">rdacarrier</marc:subfield></marc:datafield><marc:datafield tag="340" ind1=" " ind2=" "><marc:subfield code="b">23 cm.</marc:subfield></marc:datafield><marc:datafield tag="490" ind1="1" ind2=" "><marc:subfield code="a">Tacet ;</marc:subfield><marc:subfield code="v">no 04</marc:subfield></marc:datafield><marc:datafield tag="504" ind1=" " ind2=" "><marc:subfield code="a">Includes bibliographical references.</marc:subfield></marc:datafield><marc:datafield tag="505" ind1="8" ind2=" "><marc:subfield code="a">Listening to utopia is straining toward an impossible ear / Matthieu Saladin -- The story of Agatha / Cornelius Cardew -- The sound-sweep / J.G. Ballard -- The acousmatic non-place / François J. Bonnet -- Field recordings and shared places / pali meursault -- Where water is boss sound must obey / Em'kal Eyongakpa &amp; Amal Alhaag -- Musical utopianism in the Princeton School, pre- and post-turn / Scott Gleason -- Utopian atmospheres: an ethnographic account of music in the Richmond City Jail / Andy McGraw -- The meaning of my avant-garde hillbilly and blues music / Henry A. Flynt, Jr. -- Henry Flynt and the reinvention of cultural roots / Christophe Levaux -- Sound plasma: Horatio Radulescu's Oto-utopia / Francis Heery -- From the voices of the dead to algorithmic golems: utopias and distopias in sound technology / Jonathan Sterne -- Sonic utopias in the realm of science fiction: the silence and music of gravity / Filipe  Barros Beltrão &amp; Andrew Gray -- Lexicon / Pascal Broccolichi -- The mobilisation and cosmologisation of sound in Zbigniew Karkowski and Michael Gendreau / Thibault Walter -- Moments of (in)attention: on suspended temporality in the works of Max Neuhaus / Anne Zeitz -- White noise: the establishment of a musical object / Loïc Bertrand -- The world's musics as languages: phases of cross-cultural analysis of mainstream music / Henry A. Flynt, Jr. -- Correspondence with Pierre Schaeffer: 3 letters / Luc Ferrari -- Collection rip on/off / by Xavier Hug -- Ultra-red, URXX nos. 1-9 / by G. Douglas Barrett.</marc:subfield></marc:datafield><marc:datafield tag="546" ind1=" " ind2=" "><marc:subfield code="a">In English and French on facing pages.</marc:subfield></marc:datafield><marc:datafield tag="648" ind1=" " ind2="7"><marc:subfield code="a">1900-2099</marc:subfield><marc:subfield code="2">fast</marc:subfield></marc:datafield><marc:datafield tag="650" ind1=" " ind2="0"><marc:subfield code="a">Electronic music</marc:subfield></marc:datafield><marc:datafield tag="650" ind1=" " ind2="0"><marc:subfield code="a">Music</marc:subfield><marc:subfield code="x">Social aspects.</marc:subfield></marc:datafield><marc:datafield tag="650" ind1=" " ind2="0"><marc:subfield code="a">Music</marc:subfield><marc:subfield code="y">20th century</marc:subfield><marc:subfield code="x">History and criticism.</marc:subfield></marc:datafield><marc:datafield tag="650" ind1=" " ind2="0"><marc:subfield code="a">Music</marc:subfield><marc:subfield code="y">21st century</marc:subfield><marc:subfield code="x">History and criticism.</marc:subfield></marc:datafield><marc:datafield tag="650" ind1=" " ind2="0"><marc:subfield code="a">Musique concrète</marc:subfield></marc:datafield><marc:datafield tag="650" ind1=" " ind2="0"><marc:subfield code="a">Sound in art</marc:subfield></marc:datafield><marc:datafield tag="650" ind1=" " ind2="0"><marc:subfield code="a">Sound in art.</marc:subfield></marc:datafield><marc:datafield tag="650" ind1=" " ind2="0"><marc:subfield code="a">Sound installations (Art)</marc:subfield></marc:datafield><marc:datafield tag="650" ind1=" " ind2="0"><marc:subfield code="a">Sound sculpture</marc:subfield></marc:datafield><marc:datafield tag="650" ind1=" " ind2="0"><marc:subfield code="a">Sound</marc:subfield><marc:subfield code="x">Social aspects.</marc:subfield></marc:datafield><marc:datafield tag="650" ind1=" " ind2="0"><marc:subfield code="a">Utopias in art</marc:subfield></marc:datafield><marc:datafield tag="650" ind1=" " ind2="0"><marc:subfield code="a">Utopias in art.</marc:subfield></marc:datafield><marc:datafield tag="650" ind1=" " ind2="0"><marc:subfield code="a">Utopias.</marc:subfield></marc:datafield><marc:datafield tag="650" ind1=" " ind2="7"><marc:subfield code="a">Elektroakustisk musik</marc:subfield><marc:subfield code="0">https://id.kb.se/term/sao/Elektroakustisk%20musik</marc:subfield><marc:subfield code="2">sao</marc:subfield></marc:datafield><marc:datafield tag="650" ind1=" " ind2="7"><marc:subfield code="a">Ljud i konsten</marc:subfield><marc:subfield code="0">https://id.kb.se/term/sao/Ljud%20i%20konsten</marc:subfield><marc:subfield code="2">sao</marc:subfield></marc:datafield><marc:datafield tag="650" ind1=" " ind2="7"><marc:subfield code="a">Ljudkonst</marc:subfield><marc:subfield code="0">https://id.kb.se/term/sao/Ljudkonst</marc:subfield><marc:subfield code="2">sao</marc:subfield></marc:datafield><marc:datafield tag="650" ind1=" " ind2="7"><marc:subfield code="a">Music</marc:subfield><marc:subfield code="x">Social aspects.</marc:subfield><marc:subfield code="2">fast</marc:subfield></marc:datafield><marc:datafield tag="650" ind1=" " ind2="7"><marc:subfield code="a">Music.</marc:subfield><marc:subfield code="2">fast</marc:subfield></marc:datafield><marc:datafield tag="650" ind1=" " ind2="7"><marc:subfield code="a">Sound in art.</marc:subfield><marc:subfield code="2">fast</marc:subfield></marc:datafield><marc:datafield tag="650" ind1=" " ind2="7"><marc:subfield code="a">Utopias in art.</marc:subfield><marc:subfield code="2">fast</marc:subfield></marc:datafield><marc:datafield tag="650" ind1=" " ind2="7"><marc:subfield code="a">Utopias.</marc:subfield><marc:subfield code="2">fast</marc:subfield></marc:datafield><marc:datafield tag="650" ind1=" " ind2="7"><marc:subfield code="a">Utopier i konsten</marc:subfield><marc:subfield code="0">https://id.kb.se/term/sao/Utopier%20i%20konsten</marc:subfield><marc:subfield code="2">sao</marc:subfield></marc:datafield><marc:datafield tag="655" ind1=" " ind2="7"><marc:subfield code="a">Criticism, interpretation, etc.</marc:subfield><marc:subfield code="2">fast</marc:subfield></marc:datafield><marc:datafield tag="655" ind1=" " ind2="7"><marc:subfield code="a">Utopian fiction.</marc:subfield><marc:subfield code="2">gsafd</marc:subfield></marc:datafield><marc:datafield tag="655" ind1=" " ind2="7"><marc:subfield code="a">Utopian fiction.</marc:subfield><marc:subfield code="2">lcgft</marc:subfield></marc:datafield><marc:datafield tag="700" ind1="1" ind2=" "><marc:subfield code="a">Saladin, Matthieu,</marc:subfield><marc:subfield code="d">1978-</marc:subfield><marc:subfield code="e">editor.</marc:subfield><marc:subfield code="4">edt</marc:subfield></marc:datafield><marc:datafield tag="830" ind1=" " ind2="0"><marc:subfield code="a">Tacet ;</marc:subfield><marc:subfield code="v">no. 4.</marc:subfield></marc:datafield></marc:record>