
<marc:record><marc:leader>04934cam a2200517 a 4500</marc:leader>
<marc:controlfield tag="001">dpvl408mbf7898hg</marc:controlfield>
<marc:controlfield tag="003">SE-LIBR</marc:controlfield><marc:controlfield tag="005">20191106123140.0</marc:controlfield><marc:controlfield tag="008">190801s2012    nyu|||||||||||001 1|eng| </marc:controlfield><marc:datafield tag="010" ind1=" " ind2=" "><marc:subfield code="a">2012013070</marc:subfield></marc:datafield><marc:datafield tag="015" ind1=" " ind2=" "><marc:subfield code="a">GBB287358</marc:subfield><marc:subfield code="2">bnb</marc:subfield></marc:datafield><marc:datafield tag="016" ind1="7" ind2=" "><marc:subfield code="a">016161812</marc:subfield><marc:subfield code="2">Uk</marc:subfield></marc:datafield><marc:datafield tag="020" ind1=" " ind2=" "><marc:subfield code="a">039334195X</marc:subfield><marc:subfield code="q">(pbk.)</marc:subfield></marc:datafield><marc:datafield tag="020" ind1=" " ind2=" "><marc:subfield code="a">9780393341959</marc:subfield><marc:subfield code="q">(pbk.)</marc:subfield></marc:datafield><marc:datafield tag="040" ind1=" " ind2=" "><marc:subfield code="a">G</marc:subfield><marc:subfield code="b">eng</marc:subfield><marc:subfield code="c">DLC</marc:subfield><marc:subfield code="d">YDX</marc:subfield><marc:subfield code="d">BTCTA</marc:subfield><marc:subfield code="d">BDX</marc:subfield><marc:subfield code="d">UKMGB</marc:subfield><marc:subfield code="d">OCLCO</marc:subfield><marc:subfield code="d">YDXCP</marc:subfield><marc:subfield code="d">ORX</marc:subfield><marc:subfield code="d">CZA</marc:subfield><marc:subfield code="d">CDX</marc:subfield><marc:subfield code="d">BWX</marc:subfield><marc:subfield code="d">ABG</marc:subfield><marc:subfield code="d">VP@</marc:subfield><marc:subfield code="d">CUD</marc:subfield><marc:subfield code="d">IWA</marc:subfield><marc:subfield code="d">OCLCF</marc:subfield><marc:subfield code="d">OCLCQ</marc:subfield><marc:subfield code="d">CHVBK</marc:subfield><marc:subfield code="d">OCL</marc:subfield><marc:subfield code="d">OCLCQ</marc:subfield><marc:subfield code="d">OCL</marc:subfield><marc:subfield code="d">SFR</marc:subfield><marc:subfield code="d">OCLCQ</marc:subfield><marc:subfield code="d">GZM</marc:subfield><marc:subfield code="d">OCLCO</marc:subfield><marc:subfield code="d">OCL</marc:subfield><marc:subfield code="d">WLU</marc:subfield><marc:subfield code="d">G</marc:subfield><marc:subfield code="e">a</marc:subfield></marc:datafield><marc:datafield tag="041" ind1=" " ind2=" "><marc:subfield code="a">eng</marc:subfield></marc:datafield><marc:datafield tag="043" ind1=" " ind2=" "><marc:subfield code="a">n-us---</marc:subfield></marc:datafield><marc:datafield tag="050" ind1=" " ind2="0"><marc:subfield code="a">PS659.2</marc:subfield></marc:datafield><marc:datafield tag="082" ind1="0" ind2="0"><marc:subfield code="a">818.609</marc:subfield><marc:subfield code="2">23</marc:subfield></marc:datafield><marc:datafield tag="084" ind1=" " ind2=" "><marc:subfield code="a">He(s)</marc:subfield><marc:subfield code="2">kssb/8</marc:subfield></marc:datafield><marc:datafield tag="245" ind1="1" ind2="0"><marc:subfield code="a">Fakes :</marc:subfield><marc:subfield code="b">an anthology of pseudo-interviews, faux-lectures, quasi-letters, &quot;found&quot; texts, and other fraudulent artifacts /</marc:subfield><marc:subfield code="c">edited by David Shields and Matthew Vollmer.</marc:subfield></marc:datafield><marc:datafield tag="250" ind1=" " ind2=" "><marc:subfield code="a">1st ed.</marc:subfield></marc:datafield><marc:datafield tag="264" ind1=" " ind2="1"><marc:subfield code="a">New York :</marc:subfield><marc:subfield code="b">W.W. Norton,</marc:subfield><marc:subfield code="c">©2012</marc:subfield></marc:datafield><marc:datafield tag="300" ind1=" " ind2=" "><marc:subfield code="a">361 pages</marc:subfield><marc:subfield code="c">21 cm</marc:subfield></marc:datafield><marc:datafield tag="336" ind1=" " ind2=" "><marc:subfield code="a">text</marc:subfield><marc:subfield code="b">txt</marc:subfield><marc:subfield code="2">rdacontent</marc:subfield></marc:datafield><marc:datafield tag="337" ind1=" " ind2=" "><marc:subfield code="a">unmediated</marc:subfield><marc:subfield code="b">n</marc:subfield><marc:subfield code="2">rdamedia</marc:subfield></marc:datafield><marc:datafield tag="338" ind1=" " ind2=" "><marc:subfield code="a">volume</marc:subfield><marc:subfield code="b">nc</marc:subfield><marc:subfield code="2">rdacarrier</marc:subfield></marc:datafield><marc:datafield tag="504" ind1=" " ind2=" "><marc:subfield code="a">Includes bibliographical references and index.</marc:subfield></marc:datafield><marc:datafield tag="505" ind1="8" ind2=" "><marc:subfield code="a">Learning how to fake it -- &quot;Disclaimer&quot; : disclaimer / David Means -- &quot;I can speak!&quot; : letter responding to complaint / George Saunders -- Some instructions to my wife concerning the upkeep of the house and marriage, and to my son and daughter concerning the conduct of their childhood (excerpt) : instructions/guidebook / Stanley Crawford -- &quot;One thousand words on why you should not talk during a fire drill&quot; : essay as punishment / Mark Halliday -- &quot;Problems for self-study&quot; : story problems / Charles Yu -- &quot;Permission slip&quot; : public address / Caron A. Levis -- &quot;How to become a writer&quot; : instructions / Lorrie Moore -- &quot;The dead sister handbook-- a guide for sensitive boys (laconic method to near misses)&quot; : glossary / Kevin Wilson -- &quot;Interview with a moron&quot; : interview / Elizabeth Stuckey-French -- &quot;Reference #388475848-5&quot; : letter to parking bureau / Amy Hempel -- &quot;The explanation&quot; : interview / Donald Barthelme -- Letters to Wendy's (excerpt) : comment cards / Joe Wenderoth -- &quot;This is just to say that I'm tired of sharing an apartment with William Carlos Williams&quot; : note / Laura Jayne Martin -- &quot;Single woman for long walks on the beach&quot; : personal ad / Ron Carlson -- &quot;My beard, reviewed&quot; : reviews / Chris Bachelder -- &quot;The varieties of romantic experience-- an introduction&quot; : lecture / Rob Cohen -- &quot;Vis à vis love&quot; : contract / Mieke Eerkens -- &quot;Practice problem&quot; : story problem / Joseph Salvatore -- &quot;Officers weep&quot; : police blotter / Daniel Orozco -- &quot;Subtotals&quot; : list / Greg Burnham -- &quot;Our spring catalog : publisher's catalog / Jack Pendarvis -- &quot;Reply all&quot; : e-mail / Robin Hemley -- &quot;Chaucer tweets the South by Southwest Festival&quot; : twitter feed / Kari Anne Roy -- &quot;Iconographic conventions of pre- and early Renaissance-- Italian representations of the flagellation of Christ&quot; : academic essay / Rachel B. Glaser -- &quot;The human side of instrumental transcommunication&quot; : conference paper / Wendy Brenner -- &quot;Class notes&quot; : alumni newsletter / Lucas Cooper -- &quot;Dear Stephen Hawking&quot; : letter / Samantha Hunt -- &quot;National treasures&quot; : auction catalog / Charles McLeod -- &quot;Discarded notions&quot; : list / Matthew Williamson -- &quot;Star Lake letters&quot; : correspondence / Arda Collins -- &quot;Life story&quot; : compilation / David Shields -- &quot;Instructions for extinction&quot; : instructions / Melanie Rae Thon -- &quot;Will &amp; testament&quot; : will and testament / Matthew Vollmer -- &quot;Letter to a funeral parlor&quot; : letter / Lydia Davis -- &quot;Acknowledgments&quot; : author's acknowledgments / Paul Theroux -- &quot;Primary sources&quot; : works cited / Rick Moody -- &quot;Contributor's note&quot; : contributor's note / Michael Martone -- &quot;The year's best fiction 2008-- the authors speak&quot; : author's explanations / J. Robert Lennon -- &quot;About the typefaces not used in this edition&quot; : note on type / Jonathan Safran Foer -- &quot;The index&quot; : index / J.G. Ballard.</marc:subfield></marc:datafield><marc:datafield tag="520" ind1=" " ind2=" "><marc:subfield code="a">Two writers and professors present 40 short pieces of fiction that serve as humorous counterfeit texts, including a personal ad from Ron Carlson, a parking department complaint from Amy Hempel, and a list of works cited from Rick Moody.</marc:subfield></marc:datafield><marc:datafield tag="648" ind1=" " ind2="7"><marc:subfield code="a">2000-2099</marc:subfield><marc:subfield code="2">fast</marc:subfield></marc:datafield><marc:datafield tag="650" ind1=" " ind2="0"><marc:subfield code="a">American prose literature</marc:subfield><marc:subfield code="y">21st century.</marc:subfield></marc:datafield><marc:datafield tag="650" ind1=" " ind2="0"><marc:subfield code="a">Counterfeits and counterfeiting in literature.</marc:subfield></marc:datafield><marc:datafield tag="650" ind1=" " ind2="0"><marc:subfield code="a">Creative nonfiction.</marc:subfield></marc:datafield><marc:datafield tag="650" ind1=" " ind2="0"><marc:subfield code="a">Found objects (Art)</marc:subfield></marc:datafield><marc:datafield tag="650" ind1=" " ind2="7"><marc:subfield code="a">American prose literature.</marc:subfield><marc:subfield code="2">fast</marc:subfield></marc:datafield><marc:datafield tag="650" ind1=" " ind2="7"><marc:subfield code="a">Amerikanisches Englisch</marc:subfield><marc:subfield code="2">gnd</marc:subfield></marc:datafield><marc:datafield tag="650" ind1=" " ind2="7"><marc:subfield code="a">Counterfeits and counterfeiting in literature.</marc:subfield><marc:subfield code="2">fast</marc:subfield></marc:datafield><marc:datafield tag="650" ind1=" " ind2="7"><marc:subfield code="a">Creative nonfiction.</marc:subfield><marc:subfield code="2">fast</marc:subfield></marc:datafield><marc:datafield tag="650" ind1=" " ind2="7"><marc:subfield code="a">Essay</marc:subfield><marc:subfield code="2">gnd</marc:subfield></marc:datafield><marc:datafield tag="650" ind1=" " ind2="7"><marc:subfield code="a">Found objects (Art)</marc:subfield><marc:subfield code="2">fast</marc:subfield></marc:datafield><marc:datafield tag="650" ind1=" " ind2="7"><marc:subfield code="a">Kurzepik</marc:subfield><marc:subfield code="2">gnd</marc:subfield></marc:datafield><marc:datafield tag="655" ind1=" " ind2="7"><marc:subfield code="a">Creative nonfiction.</marc:subfield><marc:subfield code="2">lcgft</marc:subfield></marc:datafield><marc:datafield tag="655" ind1=" " ind2="7"><marc:subfield code="a">Samlingsverk</marc:subfield><marc:subfield code="0">https://id.kb.se/term/saogf/Samlingsverk</marc:subfield><marc:subfield code="2">saogf</marc:subfield></marc:datafield><marc:datafield tag="700" ind1="1" ind2=" "><marc:subfield code="a">Shields, David,</marc:subfield><marc:subfield code="d">1956-</marc:subfield><marc:subfield code="4">edt</marc:subfield></marc:datafield><marc:datafield tag="700" ind1="1" ind2=" "><marc:subfield code="a">Vollmer, Matthew</marc:subfield><marc:subfield code="4">edt</marc:subfield></marc:datafield></marc:record>