
<marc:record><marc:leader>00690cam a22002297a 4500</marc:leader>
<marc:controlfield tag="001">9991608</marc:controlfield>
<marc:controlfield tag="003">SE-LIBR</marc:controlfield><marc:controlfield tag="005">20111014153538.0</marc:controlfield><marc:controlfield tag="008">051006s2005    xxk|||||||||||000 ||eng|c</marc:controlfield><marc:datafield tag="020" ind1=" " ind2=" "><marc:subfield code="a">071907052X</marc:subfield><marc:subfield code="q">inb.</marc:subfield></marc:datafield><marc:datafield tag="020" ind1=" " ind2=" "><marc:subfield code="a">0719070538</marc:subfield><marc:subfield code="q">hft.</marc:subfield></marc:datafield><marc:datafield tag="040" ind1=" " ind2=" "><marc:subfield code="a">Nob</marc:subfield><marc:subfield code="e">a</marc:subfield></marc:datafield><marc:datafield tag="041" ind1=" " ind2=" "><marc:subfield code="a">eng</marc:subfield></marc:datafield><marc:datafield tag="082" ind1="0" ind2="4"><marc:subfield code="a">820.9</marc:subfield><marc:subfield code="2">22 (machine generated)</marc:subfield></marc:datafield><marc:datafield tag="084" ind1=" " ind2=" "><marc:subfield code="a">Gez Ballard, J.G.</marc:subfield><marc:subfield code="2">kssb/7</marc:subfield></marc:datafield><marc:datafield tag="100" ind1="1" ind2=" "><marc:subfield code="a">Gasiorek, Andrzej,</marc:subfield><marc:subfield code="d">1960-</marc:subfield></marc:datafield><marc:datafield tag="245" ind1="1" ind2="0"><marc:subfield code="a">J.G. Ballard /</marc:subfield><marc:subfield code="c">Andrzej Gasiorek.</marc:subfield></marc:datafield><marc:datafield tag="264" ind1=" " ind2="1"><marc:subfield code="a">Manchester :</marc:subfield><marc:subfield code="b">Manchester Univ. Press,</marc:subfield><marc:subfield code="c">2005</marc:subfield></marc:datafield><marc:datafield tag="300" ind1=" " ind2=" "><marc:subfield code="a">228 s.</marc:subfield></marc:datafield><marc:datafield tag="490" ind1="1" ind2=" "><marc:subfield code="a">Contemporary British novelists</marc:subfield></marc:datafield><marc:datafield tag="600" ind1="1" ind2="4"><marc:subfield code="a">Ballard, James Graham,</marc:subfield><marc:subfield code="d">1930-</marc:subfield><marc:subfield code="1">http://viaf.org/viaf/9842556</marc:subfield></marc:datafield><marc:datafield tag="830" ind1=" " ind2="0"><marc:subfield code="a">Contemporary British novelists</marc:subfield></marc:datafield></marc:record>