
<marc:record><marc:leader>00545cam a22001455a 4500</marc:leader>
<marc:controlfield tag="001">20058579</marc:controlfield>
<marc:controlfield tag="003">SE-LIBR</marc:controlfield><marc:controlfield tag="005">20170216182631.0</marc:controlfield><marc:controlfield tag="008">170216s2013    us |||||||||||00| 1|eng c</marc:controlfield><marc:datafield tag="020" ind1=" " ind2=" "><marc:subfield code="a">9780871404206</marc:subfield></marc:datafield><marc:datafield tag="100" ind1="1" ind2=" "><marc:subfield code="a">Ballard, J. G.</marc:subfield><marc:subfield code="1">http://viaf.org/viaf/9842556</marc:subfield><marc:subfield code="4">http://rdaregistry.info/Elements/w/object/P10061</marc:subfield></marc:datafield><marc:datafield tag="240" ind1="1" ind2="0"><marc:subfield code="a">Miracles of life</marc:subfield><marc:subfield code="1">http://www.wikidata.org/entity/Q6872514</marc:subfield></marc:datafield><marc:datafield tag="245" ind1="1" ind2="0"><marc:subfield code="a">Miracles of Life: Shanghai to Shepperton, an Autobiography /</marc:subfield><marc:subfield code="c">J. G. Ballard</marc:subfield></marc:datafield><marc:datafield tag="260" ind1=" " ind2=" "><marc:subfield code="b">Liveright Publishing Corporation,</marc:subfield><marc:subfield code="c">2013</marc:subfield></marc:datafield><marc:datafield tag="300" ind1=" " ind2=" "><marc:subfield code="a">272 s. ;</marc:subfield><marc:subfield code="c">2.3 cm</marc:subfield></marc:datafield></marc:record>