
<marc:record><marc:leader>02605cam a22004457a 4500</marc:leader>
<marc:controlfield tag="001">14971500</marc:controlfield>
<marc:controlfield tag="003">SE-LIBR</marc:controlfield><marc:controlfield tag="005">20210315131001.0</marc:controlfield><marc:controlfield tag="008">140115r20121965nyu|||||||||||000 f|eng|d</marc:controlfield><marc:datafield tag="020" ind1=" " ind2=" "><marc:subfield code="a">9780871404060</marc:subfield></marc:datafield><marc:datafield tag="040" ind1=" " ind2=" "><marc:subfield code="a">Gbg</marc:subfield><marc:subfield code="b">eng</marc:subfield><marc:subfield code="d">GBG</marc:subfield><marc:subfield code="e">a</marc:subfield></marc:datafield><marc:datafield tag="041" ind1=" " ind2=" "><marc:subfield code="a">eng</marc:subfield></marc:datafield><marc:datafield tag="042" ind1=" " ind2=" "><marc:subfield code="a">pcc</marc:subfield></marc:datafield><marc:datafield tag="050" ind1=" " ind2="0"><marc:subfield code="a">PR6052.A46</marc:subfield></marc:datafield><marc:datafield tag="082" ind1="0" ind2="0"><marc:subfield code="a">823/.914</marc:subfield><marc:subfield code="2">23</marc:subfield></marc:datafield><marc:datafield tag="084" ind1=" " ind2=" "><marc:subfield code="a">He.01</marc:subfield><marc:subfield code="2">kssb/8</marc:subfield></marc:datafield><marc:datafield tag="100" ind1="1" ind2=" "><marc:subfield code="a">Ballard, J. G.,</marc:subfield><marc:subfield code="d">1930-2009</marc:subfield><marc:subfield code="4">aut</marc:subfield><marc:subfield code="0">https://libris.kb.se/dbqssg6x38zr5cn#it</marc:subfield><marc:subfield code="1">http://viaf.org/viaf/9842556</marc:subfield><marc:subfield code="4">http://rdaregistry.info/Elements/w/object/P10061</marc:subfield></marc:datafield><marc:datafield tag="240" ind1="1" ind2="0"><marc:subfield code="a">The drownd world</marc:subfield><marc:subfield code="1">http://viaf.org/viaf/309277534</marc:subfield></marc:datafield><marc:datafield tag="245" ind1="1" ind2="4"><marc:subfield code="a">The drowned world /</marc:subfield><marc:subfield code="c">Ballard, J G.</marc:subfield></marc:datafield><marc:datafield tag="264" ind1=" " ind2="1"><marc:subfield code="a">New York :</marc:subfield><marc:subfield code="b">Liveright Pub. Corporation,</marc:subfield><marc:subfield code="c">[2012]</marc:subfield></marc:datafield><marc:datafield tag="300" ind1=" " ind2=" "><marc:subfield code="a">198 pages</marc:subfield><marc:subfield code="c">22 cm</marc:subfield></marc:datafield><marc:datafield tag="336" ind1=" " ind2=" "><marc:subfield code="a">text</marc:subfield><marc:subfield code="b">txt</marc:subfield><marc:subfield code="2">rdacontent</marc:subfield></marc:datafield><marc:datafield tag="337" ind1=" " ind2=" "><marc:subfield code="a">unmediated</marc:subfield><marc:subfield code="b">n</marc:subfield><marc:subfield code="2">rdamedia</marc:subfield></marc:datafield><marc:datafield tag="338" ind1=" " ind2=" "><marc:subfield code="a">volume</marc:subfield><marc:subfield code="b">nc</marc:subfield><marc:subfield code="2">rdacarrier</marc:subfield></marc:datafield><marc:datafield tag="500" ind1=" " ind2=" "><marc:subfield code="a">with an introduction by Martin Amis</marc:subfield></marc:datafield><marc:datafield tag="505" ind1="8" ind2=" "><marc:subfield code="a">&quot;The Drowned World imagines a terrifying world in which global warming has melted the ice caps and primordial jungles have overrun a tropical London. Set during the year 2145, this novel follows biologist Dr. Robert Kearns and his team of scientists as they confront a cityscape in which nature is on the rampage and giant lizards, dragonflies, and insects fiercely compete for domination.&quot; -- Provided by publisher.</marc:subfield></marc:datafield><marc:datafield tag="520" ind1=" " ind2=" "><marc:subfield code="a">&quot;The Drowned World imagines a terrifying world in which global warming has melted the ice caps and primordial jungles have overrun a tropical London. Set during the year 2145, this novel follows biologist Dr. Robert Kearns and his team of scientists as they confront a cityscape in which nature is on the rampage and giant lizards, dragonflies, and insects fiercely compete for domination.&quot;--Provided by publisher.</marc:subfield></marc:datafield><marc:datafield tag="600" ind1="1" ind2="7"><marc:subfield code="a">Englisch, ...</marc:subfield><marc:subfield code="2">gnd</marc:subfield></marc:datafield><marc:datafield tag="650" ind1=" " ind2="0"><marc:subfield code="a">Global warming</marc:subfield><marc:subfield code="v">Fiction.</marc:subfield></marc:datafield><marc:datafield tag="650" ind1=" " ind2="7"><marc:subfield code="a">Environmental degradation</marc:subfield><marc:subfield code="2">lcsh</marc:subfield></marc:datafield><marc:datafield tag="650" ind1=" " ind2="7"><marc:subfield code="a">Floods</marc:subfield><marc:subfield code="2">lcsh</marc:subfield></marc:datafield><marc:datafield tag="650" ind1=" " ind2="7"><marc:subfield code="a">Global uppvärmning</marc:subfield><marc:subfield code="0">https://id.kb.se/term/sao/Global%20uppv%C3%A4rmning</marc:subfield><marc:subfield code="2">sao</marc:subfield></marc:datafield><marc:datafield tag="650" ind1=" " ind2="7"><marc:subfield code="a">Global warming</marc:subfield><marc:subfield code="2">lcsh</marc:subfield></marc:datafield><marc:datafield tag="650" ind1=" " ind2="7"><marc:subfield code="a">Miljöförstöring</marc:subfield><marc:subfield code="0">https://id.kb.se/term/sao/Milj%C3%B6f%C3%B6rst%C3%B6ring</marc:subfield><marc:subfield code="2">sao</marc:subfield></marc:datafield><marc:datafield tag="650" ind1=" " ind2="7"><marc:subfield code="a">Översvämningar</marc:subfield><marc:subfield code="0">https://id.kb.se/term/sao/%C3%96versv%C3%A4mningar</marc:subfield><marc:subfield code="2">sao</marc:subfield></marc:datafield><marc:datafield tag="651" ind1=" " ind2="7"><marc:subfield code="a">Storbritannien</marc:subfield><marc:subfield code="z">London</marc:subfield><marc:subfield code="0">https://id.kb.se/term/sao/Storbritannien--London</marc:subfield><marc:subfield code="2">sao</marc:subfield></marc:datafield><marc:datafield tag="655" ind1=" " ind2="7"><marc:subfield code="a">Framtidsskildringar</marc:subfield><marc:subfield code="0">https://id.kb.se/term/saogf/Framtidsskildringar</marc:subfield><marc:subfield code="2">saogf</marc:subfield></marc:datafield><marc:datafield tag="655" ind1=" " ind2="7"><marc:subfield code="a">Romaner</marc:subfield><marc:subfield code="0">https://id.kb.se/term/saogf/Romaner</marc:subfield><marc:subfield code="2">saogf</marc:subfield></marc:datafield><marc:datafield tag="655" ind1=" " ind2="7"><marc:subfield code="a">Science fiction</marc:subfield><marc:subfield code="0">https://id.kb.se/term/saogf/Science%20fiction</marc:subfield><marc:subfield code="2">saogf</marc:subfield></marc:datafield><marc:datafield tag="655" ind1=" " ind2="7"><marc:subfield code="a">Science fiction.</marc:subfield><marc:subfield code="2">lcgft</marc:subfield></marc:datafield></marc:record>