
<marc:record><marc:leader>01097cam a22002897i 4500</marc:leader>
<marc:controlfield tag="001">16981546</marc:controlfield>
<marc:controlfield tag="003">SE-LIBR</marc:controlfield><marc:controlfield tag="005">20190206131753.0</marc:controlfield><marc:controlfield tag="008">140925s2014    xxk|||||||||||000 1|eng|c</marc:controlfield><marc:datafield tag="020" ind1=" " ind2=" "><marc:subfield code="a">9780007287024</marc:subfield></marc:datafield><marc:datafield tag="040" ind1=" " ind2=" "><marc:subfield code="a">Kld1</marc:subfield><marc:subfield code="b">eng</marc:subfield><marc:subfield code="e">i</marc:subfield><marc:subfield code="e">rda</marc:subfield></marc:datafield><marc:datafield tag="041" ind1=" " ind2=" "><marc:subfield code="a">eng</marc:subfield></marc:datafield><marc:datafield tag="082" ind1="0" ind2="4"><marc:subfield code="a">823.914</marc:subfield><marc:subfield code="2">23/swe</marc:subfield></marc:datafield><marc:datafield tag="084" ind1=" " ind2=" "><marc:subfield code="a">He.01</marc:subfield><marc:subfield code="2">kssb/8</marc:subfield></marc:datafield><marc:datafield tag="100" ind1="1" ind2=" "><marc:subfield code="a">Ballard, J. G.,</marc:subfield><marc:subfield code="d">1930-2009</marc:subfield><marc:subfield code="4">aut</marc:subfield><marc:subfield code="0">https://libris.kb.se/dbqssg6x38zr5cn#it</marc:subfield><marc:subfield code="1">http://viaf.org/viaf/9842556</marc:subfield><marc:subfield code="4">http://rdaregistry.info/Elements/w/object/P10061</marc:subfield></marc:datafield><marc:datafield tag="240" ind1="1" ind2="0"><marc:subfield code="a">Crash</marc:subfield><marc:subfield code="1">http://viaf.org/viaf/305922109</marc:subfield></marc:datafield><marc:datafield tag="245" ind1="1" ind2="0"><marc:subfield code="a">Crash /</marc:subfield><marc:subfield code="c">J. G. Ballard ; [introduction by Zadie Smith].</marc:subfield></marc:datafield><marc:datafield tag="250" ind1=" " ind2=" "><marc:subfield code="a">Fourth Estate ed.</marc:subfield></marc:datafield><marc:datafield tag="264" ind1=" " ind2="1"><marc:subfield code="a">London :</marc:subfield><marc:subfield code="b">Fourth Estate,</marc:subfield><marc:subfield code="c">2014</marc:subfield></marc:datafield><marc:datafield tag="300" ind1=" " ind2=" "><marc:subfield code="a">xi, 192 pages</marc:subfield></marc:datafield><marc:datafield tag="336" ind1=" " ind2=" "><marc:subfield code="a">text</marc:subfield><marc:subfield code="b">txt</marc:subfield><marc:subfield code="2">rdacontent</marc:subfield></marc:datafield><marc:datafield tag="337" ind1=" " ind2=" "><marc:subfield code="a">unmediated</marc:subfield><marc:subfield code="b">n</marc:subfield><marc:subfield code="2">rdamedia</marc:subfield></marc:datafield><marc:datafield tag="338" ind1=" " ind2=" "><marc:subfield code="a">volume</marc:subfield><marc:subfield code="b">nc</marc:subfield><marc:subfield code="2">rdacarrier</marc:subfield></marc:datafield><marc:datafield tag="500" ind1=" " ind2=" "><marc:subfield code="a">First published in 1973</marc:subfield></marc:datafield><marc:datafield tag="655" ind1=" " ind2="7"><marc:subfield code="a">Romaner</marc:subfield><marc:subfield code="0">https://id.kb.se/term/saogf/Romaner</marc:subfield><marc:subfield code="2">saogf</marc:subfield></marc:datafield><marc:datafield tag="655" ind1=" " ind2="7"><marc:subfield code="a">Skönlitteratur</marc:subfield><marc:subfield code="0">https://id.kb.se/term/saogf/Sk%C3%B6nlitteratur</marc:subfield><marc:subfield code="2">saogf</marc:subfield></marc:datafield><marc:datafield tag="700" ind1="1" ind2=" "><marc:subfield code="a">Smith, Zadie,</marc:subfield><marc:subfield code="d">1975-</marc:subfield><marc:subfield code="4">aui</marc:subfield><marc:subfield code="0">https://libris.kb.se/mkz135z53ltm7lv#it</marc:subfield></marc:datafield></marc:record>