
<marc:record><marc:leader>00923cam a2200265   4500</marc:leader>
<marc:controlfield tag="001">831048</marc:controlfield>
<marc:controlfield tag="003">SE-LIBR</marc:controlfield><marc:controlfield tag="005">20090507170758.0</marc:controlfield><marc:controlfield tag="008">011211s1989    sw            000 f swe  </marc:controlfield><marc:datafield tag="020" ind1=" " ind2=" "><marc:subfield code="a">(Inb.) ;</marc:subfield><marc:subfield code="c">ej i bokh.</marc:subfield></marc:datafield><marc:datafield tag="040" ind1=" " ind2=" "><marc:subfield code="a">NB</marc:subfield></marc:datafield><marc:datafield tag="041" ind1="1" ind2=" "><marc:subfield code="a">swe</marc:subfield><marc:subfield code="h">eng</marc:subfield></marc:datafield><marc:datafield tag="042" ind1=" " ind2=" "><marc:subfield code="9">NB</marc:subfield></marc:datafield><marc:datafield tag="082" ind1="0" ind2="4"><marc:subfield code="a">823</marc:subfield><marc:subfield code="2">22 (machine generated)</marc:subfield></marc:datafield><marc:datafield tag="084" ind1=" " ind2=" "><marc:subfield code="5">NB</marc:subfield><marc:subfield code="a">Hce</marc:subfield><marc:subfield code="2">kssb</marc:subfield></marc:datafield><marc:datafield tag="084" ind1=" " ind2=" "><marc:subfield code="a">He.01=c</marc:subfield><marc:subfield code="2">kssb/6</marc:subfield></marc:datafield><marc:datafield tag="100" ind1="1" ind2=" "><marc:subfield code="a">Ballard, J. G.,</marc:subfield><marc:subfield code="d">1930-2009</marc:subfield><marc:subfield code="0">176668</marc:subfield><marc:subfield code="1">http://viaf.org/viaf/9842556</marc:subfield><marc:subfield code="4">http://rdaregistry.info/Elements/w/object/P10061</marc:subfield></marc:datafield><marc:datafield tag="240" ind1="1" ind2="0"><marc:subfield code="a">Empire of the sun</marc:subfield><marc:subfield code="1">http://viaf.org/viaf/180997771</marc:subfield></marc:datafield><marc:datafield tag="245" ind1="0" ind2="0"><marc:subfield code="a">Solens rike :</marc:subfield><marc:subfield code="b">roman /</marc:subfield><marc:subfield code="c">J.G. Ballard ; översättning av Hans-Jacob Nilsson</marc:subfield></marc:datafield><marc:datafield tag="249" ind1=" " ind2="0"><marc:subfield code="a">Empire of the sun.</marc:subfield></marc:datafield><marc:datafield tag="250" ind1=" " ind2=" "><marc:subfield code="a">[Ny utg.]</marc:subfield></marc:datafield><marc:datafield tag="260" ind1=" " ind2=" "><marc:subfield code="a">Höganäs :</marc:subfield><marc:subfield code="b">Bra böcker,</marc:subfield><marc:subfield code="c">1989 ;</marc:subfield><marc:subfield code="e">(Danmark)</marc:subfield></marc:datafield><marc:datafield tag="300" ind1=" " ind2=" "><marc:subfield code="a">319, [1] s. ;</marc:subfield><marc:subfield code="c">21 cm</marc:subfield></marc:datafield><marc:datafield tag="440" ind1=" " ind2="0"><marc:subfield code="a">Bokklubben Vår bok (Bra böcker),</marc:subfield><marc:subfield code="x">99-0181078-7</marc:subfield></marc:datafield><marc:datafield tag="700" ind1="1" ind2=" "><marc:subfield code="a">Nilsson, Hans-Jacob,</marc:subfield><marc:subfield code="d">1949-</marc:subfield><marc:subfield code="4">trl</marc:subfield><marc:subfield code="0">322971</marc:subfield></marc:datafield></marc:record>