
<marc:record><marc:leader>01161cam a2200325   4500</marc:leader>
<marc:controlfield tag="001">7281000</marc:controlfield>
<marc:controlfield tag="003">SE-LIBR</marc:controlfield><marc:controlfield tag="005">20090507170615.0</marc:controlfield><marc:controlfield tag="008">011211s1986    sw |||||||||||000 f|swe| </marc:controlfield><marc:datafield tag="020" ind1=" " ind2=" "><marc:subfield code="a">9146149287</marc:subfield><marc:subfield code="q">INB.</marc:subfield><marc:subfield code="c">165:00</marc:subfield></marc:datafield><marc:datafield tag="040" ind1=" " ind2=" "><marc:subfield code="a">NB</marc:subfield></marc:datafield><marc:datafield tag="041" ind1="1" ind2=" "><marc:subfield code="a">swe</marc:subfield><marc:subfield code="h">eng</marc:subfield></marc:datafield><marc:datafield tag="042" ind1=" " ind2=" "><marc:subfield code="9">NB</marc:subfield></marc:datafield><marc:datafield tag="082" ind1="0" ind2="4"><marc:subfield code="a">820</marc:subfield><marc:subfield code="2">22 (machine generated)</marc:subfield></marc:datafield><marc:datafield tag="084" ind1=" " ind2=" "><marc:subfield code="5">Kd</marc:subfield><marc:subfield code="a">He.01=c</marc:subfield><marc:subfield code="2">kssb/6</marc:subfield></marc:datafield><marc:datafield tag="084" ind1=" " ind2=" "><marc:subfield code="5">LnuV</marc:subfield><marc:subfield code="a">Hcee.01</marc:subfield><marc:subfield code="2">kssb/6</marc:subfield></marc:datafield><marc:datafield tag="084" ind1=" " ind2=" "><marc:subfield code="5">NB</marc:subfield><marc:subfield code="a">Hce</marc:subfield><marc:subfield code="2">kssb</marc:subfield></marc:datafield><marc:datafield tag="084" ind1=" " ind2=" "><marc:subfield code="5">Q</marc:subfield><marc:subfield code="a">He.01=c</marc:subfield><marc:subfield code="2">kssb/6</marc:subfield></marc:datafield><marc:datafield tag="084" ind1=" " ind2=" "><marc:subfield code="5">S</marc:subfield><marc:subfield code="a">He=c</marc:subfield><marc:subfield code="2">kssb/5</marc:subfield></marc:datafield><marc:datafield tag="084" ind1=" " ind2=" "><marc:subfield code="a">He=c</marc:subfield><marc:subfield code="2">kssb/5</marc:subfield></marc:datafield><marc:datafield tag="100" ind1="1" ind2=" "><marc:subfield code="a">Ballard, J. G.,</marc:subfield><marc:subfield code="d">1930-2009</marc:subfield><marc:subfield code="0">https://libris.kb.se/dbqssg6x38zr5cn#it</marc:subfield><marc:subfield code="1">http://viaf.org/viaf/9842556</marc:subfield><marc:subfield code="4">http://rdaregistry.info/Elements/w/object/P10061</marc:subfield></marc:datafield><marc:datafield tag="240" ind1="1" ind2="0"><marc:subfield code="a">Empire of the sun</marc:subfield><marc:subfield code="1">http://viaf.org/viaf/180997771</marc:subfield></marc:datafield><marc:datafield tag="245" ind1="0" ind2="0"><marc:subfield code="a">Solens rike :</marc:subfield><marc:subfield code="b">roman /</marc:subfield><marc:subfield code="c">J. G. Ballard ; översättning av Hans-Jacob Nilsson.</marc:subfield></marc:datafield><marc:datafield tag="249" ind1=" " ind2="0"><marc:subfield code="a">Empire of the sun.</marc:subfield></marc:datafield><marc:datafield tag="264" ind1=" " ind2="1"><marc:subfield code="a">Stockholm :</marc:subfield><marc:subfield code="b">Wahlström &amp; Widstrand,</marc:subfield><marc:subfield code="c">1986</marc:subfield></marc:datafield><marc:datafield tag="264" ind1=" " ind2="3"><marc:subfield code="a">Finland</marc:subfield></marc:datafield><marc:datafield tag="300" ind1=" " ind2=" "><marc:subfield code="a">319, [1] s.</marc:subfield><marc:subfield code="c">22 cm</marc:subfield></marc:datafield><marc:datafield tag="340" ind1=" " ind2=" "><marc:subfield code="b">22 cm</marc:subfield></marc:datafield><marc:datafield tag="500" ind1=" " ind2=" "><marc:subfield code="5">Um</marc:subfield><marc:subfield code="a">Skönlitteratur. Annan uppl. kan finnas vid biblioteket</marc:subfield></marc:datafield><marc:datafield tag="700" ind1="1" ind2=" "><marc:subfield code="a">Nilsson, Hans-Jacob,</marc:subfield><marc:subfield code="d">1949-</marc:subfield><marc:subfield code="4">trl</marc:subfield><marc:subfield code="0">https://libris.kb.se/53hlqmjp5grtqrd#it</marc:subfield></marc:datafield></marc:record>