
<marc:record><marc:leader>00602cam a22001817a 4500</marc:leader>
<marc:controlfield tag="001">9872545</marc:controlfield>
<marc:controlfield tag="003">SE-LIBR</marc:controlfield><marc:controlfield tag="005">20090422155521.0</marc:controlfield><marc:controlfield tag="008">050502s1988    fr ||||      |00| ||fre c</marc:controlfield><marc:datafield tag="020" ind1=" " ind2=" "><marc:subfield code="a">2-08-066144-2</marc:subfield></marc:datafield><marc:datafield tag="040" ind1=" " ind2=" "><marc:subfield code="a">Q</marc:subfield></marc:datafield><marc:datafield tag="041" ind1="1" ind2=" "><marc:subfield code="a">fre</marc:subfield><marc:subfield code="h">eng</marc:subfield></marc:datafield><marc:datafield tag="082" ind1="0" ind2="4"><marc:subfield code="a">823</marc:subfield><marc:subfield code="2">22 (machine generated)</marc:subfield></marc:datafield><marc:datafield tag="084" ind1=" " ind2=" "><marc:subfield code="a">He.01=j</marc:subfield><marc:subfield code="2">kssb/7</marc:subfield></marc:datafield><marc:datafield tag="100" ind1="1" ind2=" "><marc:subfield code="a">Ballard, J. G.,</marc:subfield><marc:subfield code="d">1930-2009</marc:subfield><marc:subfield code="0">176668</marc:subfield><marc:subfield code="1">http://viaf.org/viaf/9842556</marc:subfield><marc:subfield code="4">http://rdaregistry.info/Elements/w/object/P10061</marc:subfield></marc:datafield><marc:datafield tag="245" ind1="0" ind2="3"><marc:subfield code="a">Le jour de la création :</marc:subfield><marc:subfield code="b">[roman] /</marc:subfield><marc:subfield code="c">J.-G. Ballard ; traduit de l'anglais par Robert Louit</marc:subfield></marc:datafield><marc:datafield tag="260" ind1=" " ind2=" "><marc:subfield code="a">Paris :</marc:subfield><marc:subfield code="b">Flammarion,</marc:subfield><marc:subfield code="c">1988</marc:subfield></marc:datafield><marc:datafield tag="300" ind1=" " ind2=" "><marc:subfield code="a">287 s.</marc:subfield></marc:datafield></marc:record>