
<marc:record><marc:leader>00959camsa2200229ba 4500</marc:leader>
<marc:controlfield tag="001">10245321</marc:controlfield>
<marc:controlfield tag="003">SE-LIBR</marc:controlfield><marc:controlfield tag="005">20090422155749.0</marc:controlfield><marc:controlfield tag="008">061025s1982    sw                  swe  </marc:controlfield><marc:datafield tag="020" ind1=" " ind2=" "><marc:subfield code="a">91-85914-06-1</marc:subfield></marc:datafield><marc:datafield tag="028" ind1="4" ind2="2"><marc:subfield code="a">978-91-85914-06-7</marc:subfield></marc:datafield><marc:datafield tag="084" ind1=" " ind2=" "><marc:subfield code="5">Mo</marc:subfield><marc:subfield code="a">Hcee.01</marc:subfield><marc:subfield code="2">kssb/8</marc:subfield></marc:datafield><marc:datafield tag="084" ind1=" " ind2=" "><marc:subfield code="a">Hcee.01</marc:subfield></marc:datafield><marc:datafield tag="100" ind1="1" ind2=" "><marc:subfield code="a">Ballard, J. G.,</marc:subfield><marc:subfield code="d">1930-2009</marc:subfield><marc:subfield code="0">176668</marc:subfield><marc:subfield code="1">http://viaf.org/viaf/9842556</marc:subfield><marc:subfield code="4">http://rdaregistry.info/Elements/w/object/P10061</marc:subfield></marc:datafield><marc:datafield tag="245" ind1="1" ind2="0"><marc:subfield code="a">&quot;Men är inte Kennedy redan död?...&quot; :</marc:subfield><marc:subfield code="b">tre romaner /</marc:subfield><marc:subfield code="c">av J. G. Ballard ; urval, översättning och introduktion: K. G. Johansson och Gunilla Dahlblom</marc:subfield></marc:datafield><marc:datafield tag="260" ind1=" " ind2=" "><marc:subfield code="a">Stockholm</marc:subfield><marc:subfield code="b">Embryo</marc:subfield><marc:subfield code="c">1982</marc:subfield></marc:datafield><marc:datafield tag="500" ind1=" " ind2=" "><marc:subfield code="5">Mo</marc:subfield><marc:subfield code="a">Översättning från engelska av valda texter</marc:subfield></marc:datafield><marc:datafield tag="520" ind1="8" ind2=" "><marc:subfield code="5">Mo</marc:subfield><marc:subfield code="a">Innehåll: Mordvapnet ; Varför jag vill knulla Ronald Reagan ; Mordet på John Fitzgerald Kennedy betraktat som en biltävling i nedförsbacke</marc:subfield></marc:datafield><marc:datafield tag="546" ind1=" " ind2=" "><marc:subfield code="5">Mo</marc:subfield><marc:subfield code="a">svenska</marc:subfield></marc:datafield><marc:datafield tag="653" ind1=" " ind2=" "><marc:subfield code="5">Mo</marc:subfield><marc:subfield code="a">Noveller</marc:subfield></marc:datafield><marc:datafield tag="653" ind1=" " ind2=" "><marc:subfield code="5">Mo</marc:subfield><marc:subfield code="a">Science fiction</marc:subfield></marc:datafield><marc:datafield tag="655" ind1=" " ind2="4"><marc:subfield code="5">Mo</marc:subfield><marc:subfield code="a">Bok</marc:subfield></marc:datafield></marc:record>