
<marc:record><marc:leader>01385nam a22003377i 4500</marc:leader>
<marc:controlfield tag="001">q4xv4mm2nlwsmnws</marc:controlfield>
<marc:controlfield tag="003">SE-LIBR</marc:controlfield><marc:controlfield tag="005">20210622155229.0</marc:controlfield><marc:controlfield tag="008">210622s2017    xxu|||||||||||000 0|eng|c</marc:controlfield><marc:datafield tag="020" ind1=" " ind2=" "><marc:subfield code="a">9780252082955</marc:subfield></marc:datafield><marc:datafield tag="040" ind1=" " ind2=" "><marc:subfield code="a">Btj</marc:subfield><marc:subfield code="b">swe</marc:subfield><marc:subfield code="e">i</marc:subfield><marc:subfield code="e">rda</marc:subfield></marc:datafield><marc:datafield tag="041" ind1=" " ind2=" "><marc:subfield code="a">eng</marc:subfield></marc:datafield><marc:datafield tag="082" ind1="0" ind2="4"><marc:subfield code="a">809</marc:subfield><marc:subfield code="2">22 (machine generated)</marc:subfield></marc:datafield><marc:datafield tag="083" ind1="0" ind2=" "><marc:subfield code="a">920.7</marc:subfield><marc:subfield code="2">22 (machine generated)</marc:subfield></marc:datafield><marc:datafield tag="084" ind1=" " ind2=" "><marc:subfield code="a">Gz Ballard, J. G.</marc:subfield><marc:subfield code="2">kssb/8</marc:subfield></marc:datafield><marc:datafield tag="084" ind1=" " ind2=" "><marc:subfield code="a">Lz Ballard, J. G.</marc:subfield><marc:subfield code="2">kssb/8</marc:subfield></marc:datafield><marc:datafield tag="100" ind1="1" ind2=" "><marc:subfield code="a">Wilson, D. Harlan</marc:subfield><marc:subfield code="4">aut</marc:subfield><marc:subfield code="1">http://viaf.org/viaf/162176817</marc:subfield><marc:subfield code="4">http://rdaregistry.info/Elements/w/object/P10061</marc:subfield></marc:datafield><marc:datafield tag="240" ind1=" " ind2=" "><marc:subfield code="a">J. G. Ballard</marc:subfield><marc:subfield code="1">http://viaf.org/viaf/162176817/jgballard</marc:subfield></marc:datafield><marc:datafield tag="245" ind1="1" ind2="0"><marc:subfield code="a">J.G. Ballard /</marc:subfield><marc:subfield code="c">D. Harlan Wilson.</marc:subfield></marc:datafield><marc:datafield tag="264" ind1=" " ind2="1"><marc:subfield code="a">Urbana :</marc:subfield><marc:subfield code="b">University of Illinois Press,</marc:subfield><marc:subfield code="c">[2017]</marc:subfield></marc:datafield><marc:datafield tag="300" ind1=" " ind2=" "><marc:subfield code="a">197 sidor</marc:subfield></marc:datafield><marc:datafield tag="336" ind1=" " ind2=" "><marc:subfield code="a">text</marc:subfield><marc:subfield code="b">txt</marc:subfield><marc:subfield code="2">rdacontent</marc:subfield></marc:datafield><marc:datafield tag="337" ind1=" " ind2=" "><marc:subfield code="a">unmediated</marc:subfield><marc:subfield code="b">n</marc:subfield><marc:subfield code="2">rdamedia</marc:subfield></marc:datafield><marc:datafield tag="338" ind1=" " ind2=" "><marc:subfield code="a">volume</marc:subfield><marc:subfield code="b">nc</marc:subfield><marc:subfield code="2">rdacarrier</marc:subfield></marc:datafield><marc:datafield tag="600" ind1="1" ind2="4"><marc:subfield code="a">Ballard, J. G.,</marc:subfield><marc:subfield code="d">1930-2009</marc:subfield><marc:subfield code="0">https://libris.kb.se/dbqssg6x38zr5cn#it</marc:subfield><marc:subfield code="1">http://viaf.org/viaf/9842556</marc:subfield></marc:datafield><marc:datafield tag="650" ind1=" " ind2="0"><marc:subfield code="a">Authors, English</marc:subfield></marc:datafield><marc:datafield tag="650" ind1=" " ind2="0"><marc:subfield code="a">Science fiction, English</marc:subfield></marc:datafield><marc:datafield tag="650" ind1=" " ind2="7"><marc:subfield code="a">Engelsk science fiction</marc:subfield><marc:subfield code="0">https://id.kb.se/term/sao/Engelsk%20science%20fiction</marc:subfield><marc:subfield code="2">sao</marc:subfield></marc:datafield><marc:datafield tag="650" ind1=" " ind2="7"><marc:subfield code="a">Engelska författare</marc:subfield><marc:subfield code="0">https://id.kb.se/term/sao/Engelska%20f%C3%B6rfattare</marc:subfield><marc:subfield code="2">sao</marc:subfield></marc:datafield><marc:datafield tag="655" ind1=" " ind2="7"><marc:subfield code="a">Analys och tolkning</marc:subfield><marc:subfield code="0">https://id.kb.se/term/saogf/Analys%20och%20tolkning</marc:subfield><marc:subfield code="2">saogf</marc:subfield></marc:datafield><marc:datafield tag="866" ind1=" " ind2=" "><marc:subfield code="5">Btj</marc:subfield><marc:subfield code="a">BM=B; ORG=P049</marc:subfield><marc:subfield code="x">605</marc:subfield></marc:datafield></marc:record>