
<marc:record><marc:leader>01037cam a22002417i 4500</marc:leader>
<marc:controlfield tag="001">9896996</marc:controlfield>
<marc:controlfield tag="003">SE-LIBR</marc:controlfield><marc:controlfield tag="005">20190503153409.0</marc:controlfield><marc:controlfield tag="008">050609s1974    xxka||||||||||000 0|eng|c</marc:controlfield><marc:datafield tag="020" ind1=" " ind2=" "><marc:subfield code="a">0330239147</marc:subfield></marc:datafield><marc:datafield tag="040" ind1=" " ind2=" "><marc:subfield code="a">Oh</marc:subfield><marc:subfield code="e">i</marc:subfield></marc:datafield><marc:datafield tag="041" ind1=" " ind2=" "><marc:subfield code="a">eng</marc:subfield></marc:datafield><marc:datafield tag="082" ind1="0" ind2="4"><marc:subfield code="a">709.2</marc:subfield><marc:subfield code="2">22 (machine generated)</marc:subfield></marc:datafield><marc:datafield tag="084" ind1=" " ind2=" "><marc:subfield code="a">Ibz Dalí, Salvador</marc:subfield><marc:subfield code="2">kssb/7</marc:subfield></marc:datafield><marc:datafield tag="100" ind1="1" ind2=" "><marc:subfield code="a">Dalí, Salvador,</marc:subfield><marc:subfield code="d">1904-1989</marc:subfield><marc:subfield code="0">https://libris.kb.se/53hkkgbp4h22cm8#it</marc:subfield><marc:subfield code="1">http://viaf.org/viaf/64004109</marc:subfield><marc:subfield code="4">http://rdaregistry.info/Elements/w/object/P10058</marc:subfield></marc:datafield><marc:datafield tag="240" ind1=" " ind2=" "><marc:subfield code="a">Dalí</marc:subfield><marc:subfield code="1">http://viaf.org/viaf/316306426</marc:subfield></marc:datafield><marc:datafield tag="245" ind1="0" ind2="0"><marc:subfield code="a">Dali /</marc:subfield><marc:subfield code="c">with an introduction by J. G. Ballard ; edited by David Larkin.</marc:subfield></marc:datafield><marc:datafield tag="264" ind1=" " ind2="1"><marc:subfield code="a">London :</marc:subfield><marc:subfield code="b">Pan Books,</marc:subfield><marc:subfield code="c">1974</marc:subfield></marc:datafield><marc:datafield tag="300" ind1=" " ind2=" "><marc:subfield code="a">[10] s., [40] pl.-bl.</marc:subfield><marc:subfield code="b">ill.</marc:subfield><marc:subfield code="c">30 cm</marc:subfield></marc:datafield><marc:datafield tag="340" ind1=" " ind2=" "><marc:subfield code="b">30 cm</marc:subfield></marc:datafield><marc:datafield tag="600" ind1="1" ind2="4"><marc:subfield code="a">Dalí, Salvador,</marc:subfield><marc:subfield code="d">1904-1989</marc:subfield><marc:subfield code="0">https://libris.kb.se/53hkkgbp4h22cm8#it</marc:subfield></marc:datafield><marc:datafield tag="700" ind1="1" ind2=" "><marc:subfield code="a">Ballard, J. G.,</marc:subfield><marc:subfield code="d">1930-2009</marc:subfield><marc:subfield code="e">unspecifiedContributor</marc:subfield><marc:subfield code="4">aui</marc:subfield><marc:subfield code="0">https://libris.kb.se/dbqssg6x38zr5cn#it</marc:subfield></marc:datafield><marc:datafield tag="700" ind1="1" ind2=" "><marc:subfield code="a">Larkin, David,</marc:subfield><marc:subfield code="d">1936-</marc:subfield><marc:subfield code="e">unspecifiedContributor</marc:subfield><marc:subfield code="4">edt</marc:subfield><marc:subfield code="0">https://libris.kb.se/xv8cgm0g0vlm9mj#it</marc:subfield></marc:datafield></marc:record>