
<marc:record><marc:leader>00834cam a22002293a 4500</marc:leader>
<marc:controlfield tag="001">10247567</marc:controlfield>
<marc:controlfield tag="003">SE-LIBR</marc:controlfield><marc:controlfield tag="005">20090422155658.0</marc:controlfield><marc:controlfield tag="008">061027s        xxk||||      |00| ||eng c</marc:controlfield><marc:datafield tag="020" ind1=" " ind2=" "><marc:subfield code="a">0-00-720444-2</marc:subfield></marc:datafield><marc:datafield tag="040" ind1=" " ind2=" "><marc:subfield code="a">Lkhm</marc:subfield></marc:datafield><marc:datafield tag="082" ind1="0" ind2="4"><marc:subfield code="a">820</marc:subfield><marc:subfield code="2">22 (machine generated)</marc:subfield></marc:datafield><marc:datafield tag="084" ind1=" " ind2=" "><marc:subfield code="a">He</marc:subfield><marc:subfield code="2">kssb/7</marc:subfield></marc:datafield><marc:datafield tag="100" ind1="1" ind2=" "><marc:subfield code="a">Burroughs, William S.,</marc:subfield><marc:subfield code="d">1914-1997</marc:subfield><marc:subfield code="0">179750</marc:subfield><marc:subfield code="1">http://viaf.org/viaf/108916275</marc:subfield><marc:subfield code="4">http://rdaregistry.info/Elements/w/object/P10061</marc:subfield></marc:datafield><marc:datafield tag="240" ind1="1" ind2=" "><marc:subfield code="a">Naked lunch</marc:subfield><marc:subfield code="1">http://viaf.org/viaf/178436556</marc:subfield></marc:datafield><marc:datafield tag="245" ind1="1" ind2="0"><marc:subfield code="a">Naked Lunch:</marc:subfield><marc:subfield code="b">The restored text/</marc:subfield><marc:subfield code="c">edited by James Grauerholz and Barry Miles. With an introduction by J.G. Ballard</marc:subfield></marc:datafield><marc:datafield tag="250" ind1=" " ind2=" "><marc:subfield code="a">2. ed.</marc:subfield></marc:datafield><marc:datafield tag="260" ind1=" " ind2=" "><marc:subfield code="a">London:</marc:subfield><marc:subfield code="b">Harper Perennial,</marc:subfield><marc:subfield code="c">2005</marc:subfield></marc:datafield><marc:datafield tag="300" ind1=" " ind2=" "><marc:subfield code="a">289 s. :</marc:subfield><marc:subfield code="b">ill.</marc:subfield></marc:datafield><marc:datafield tag="700" ind1="1" ind2=" "><marc:subfield code="a">Ballard, J. G.,</marc:subfield><marc:subfield code="d">1930-2009</marc:subfield><marc:subfield code="4">ed.</marc:subfield><marc:subfield code="0">176668</marc:subfield></marc:datafield><marc:datafield tag="700" ind1="1" ind2=" "><marc:subfield code="a">Grauerholz, James</marc:subfield><marc:subfield code="4">ed.</marc:subfield></marc:datafield><marc:datafield tag="700" ind1="1" ind2=" "><marc:subfield code="a">Miles, Barry</marc:subfield><marc:subfield code="4">ed.</marc:subfield></marc:datafield></marc:record>