
<marc:record><marc:leader>01420cam a2200361 i 4500</marc:leader>
<marc:controlfield tag="001">n2h0pxhxlw7bbmv6</marc:controlfield>
<marc:controlfield tag="003">SE-LIBR</marc:controlfield><marc:controlfield tag="005">20211209113627.0</marc:controlfield><marc:controlfield tag="008">211201s2021    sw |||||||||||000 j|swe|c</marc:controlfield><marc:datafield tag="020" ind1=" " ind2=" "><marc:subfield code="a">9789151969374</marc:subfield><marc:subfield code="q">häftad</marc:subfield></marc:datafield><marc:datafield tag="040" ind1=" " ind2=" "><marc:subfield code="a">L</marc:subfield><marc:subfield code="b">swe</marc:subfield><marc:subfield code="d">S</marc:subfield><marc:subfield code="e">i</marc:subfield><marc:subfield code="e">rda</marc:subfield></marc:datafield><marc:datafield tag="041" ind1=" " ind2=" "><marc:subfield code="a">swe</marc:subfield></marc:datafield><marc:datafield tag="041" ind1=" " ind2=" "><marc:subfield code="a">swe</marc:subfield></marc:datafield><marc:datafield tag="041" ind1="1" ind2=" "><marc:subfield code="a">swe</marc:subfield><marc:subfield code="h">eng</marc:subfield></marc:datafield><marc:datafield tag="042" ind1=" " ind2=" "><marc:subfield code="9">NB</marc:subfield></marc:datafield><marc:datafield tag="082" ind1="0" ind2="4"><marc:subfield code="a">824.92</marc:subfield><marc:subfield code="2">23/swe</marc:subfield></marc:datafield><marc:datafield tag="083" ind1="0" ind2=" "><marc:subfield code="a">823.914</marc:subfield><marc:subfield code="2">23/swe</marc:subfield></marc:datafield><marc:datafield tag="245" ind1="1" ind2="0"><marc:subfield code="a">System och ting :</marc:subfield><marc:subfield code="b">vital materialism och objektorienterad filosofi /</marc:subfield><marc:subfield code="c">Jane Bennett ; översättning: Anders Karlin ; förord: Jesper Olsson. Prima Belladonna / J. G. Ballard ; översättning: Thomas Andersson.</marc:subfield></marc:datafield><marc:datafield tag="264" ind1=" " ind2="1"><marc:subfield code="a">[Stockholm] :</marc:subfield><marc:subfield code="b">[Sensorium editions] :</marc:subfield><marc:subfield code="b">Helge Ax:son Johnsons stiftelse :</marc:subfield><marc:subfield code="b">Letterstedtska föreningen,</marc:subfield><marc:subfield code="c">[2021]</marc:subfield></marc:datafield><marc:datafield tag="264" ind1=" " ind2="3"><marc:subfield code="a">Göteborg :</marc:subfield><marc:subfield code="b">Göteborgstryckeriet,</marc:subfield><marc:subfield code="c">2021</marc:subfield></marc:datafield><marc:datafield tag="300" ind1=" " ind2=" "><marc:subfield code="a">42, 25 sidor</marc:subfield><marc:subfield code="c">17 cm</marc:subfield></marc:datafield><marc:datafield tag="336" ind1=" " ind2=" "><marc:subfield code="a">text</marc:subfield><marc:subfield code="b">txt</marc:subfield><marc:subfield code="2">rdacontent</marc:subfield></marc:datafield><marc:datafield tag="337" ind1=" " ind2=" "><marc:subfield code="a">unmediated</marc:subfield><marc:subfield code="b">n</marc:subfield><marc:subfield code="2">rdamedia</marc:subfield></marc:datafield><marc:datafield tag="338" ind1=" " ind2=" "><marc:subfield code="a">volume</marc:subfield><marc:subfield code="b">nc</marc:subfield><marc:subfield code="2">rdacarrier</marc:subfield></marc:datafield><marc:datafield tag="490" ind1="0" ind2=" "><marc:subfield code="a">Kartotek ;</marc:subfield><marc:subfield code="v">4A-B</marc:subfield></marc:datafield><marc:datafield tag="500" ind1=" " ind2=" "><marc:subfield code="a">Tête-bêche-bok</marc:subfield></marc:datafield><marc:datafield tag="655" ind1=" " ind2="7"><marc:subfield code="a">Essäer</marc:subfield><marc:subfield code="0">https://id.kb.se/term/saogf/Ess%C3%A4er</marc:subfield><marc:subfield code="2">saogf</marc:subfield></marc:datafield><marc:datafield tag="655" ind1=" " ind2="7"><marc:subfield code="a">Noveller</marc:subfield><marc:subfield code="0">https://id.kb.se/term/saogf/Noveller</marc:subfield><marc:subfield code="2">saogf</marc:subfield></marc:datafield><marc:datafield tag="700" ind1="1" ind2=" "><marc:subfield code="a">Olsson, Jesper</marc:subfield><marc:subfield code="4">aui</marc:subfield></marc:datafield><marc:datafield tag="700" ind1="1" ind2="2"><marc:subfield code="a">Ballard, J. G.,</marc:subfield><marc:subfield code="d">1930-2009</marc:subfield><marc:subfield code="t">Prima Belladonna</marc:subfield><marc:subfield code="l">Svenska</marc:subfield><marc:subfield code="4">aut</marc:subfield><marc:subfield code="1">http://viaf.org/viaf/311471585</marc:subfield></marc:datafield><marc:datafield tag="700" ind1="1" ind2="2"><marc:subfield code="a">Bennett, Jane</marc:subfield><marc:subfield code="t">Systems and things</marc:subfield><marc:subfield code="l">Svenska</marc:subfield><marc:subfield code="4">aut</marc:subfield></marc:datafield><marc:datafield tag="740" ind1="0" ind2=" "><marc:subfield code="a">Prima Belladonna</marc:subfield></marc:datafield><marc:datafield tag="830" ind1=" " ind2="0"><marc:subfield code="a">Kartotek ;</marc:subfield><marc:subfield code="v">4A-B</marc:subfield></marc:datafield></marc:record>