
<marc:record><marc:leader>01232cam a22002897a 4500</marc:leader>
<marc:controlfield tag="001">11619974</marc:controlfield>
<marc:controlfield tag="003">SE-LIBR</marc:controlfield><marc:controlfield tag="005">20161121094346.0</marc:controlfield><marc:controlfield tag="008">091008s2004    xxk           000 0 eng  </marc:controlfield><marc:datafield tag="020" ind1=" " ind2=" "><marc:subfield code="a">9780099458203</marc:subfield></marc:datafield><marc:datafield tag="040" ind1=" " ind2=" "><marc:subfield code="a">Gbg</marc:subfield></marc:datafield><marc:datafield tag="041" ind1="1" ind2=" "><marc:subfield code="a">eng</marc:subfield></marc:datafield><marc:datafield tag="082" ind1="0" ind2="4"><marc:subfield code="a">152.1</marc:subfield><marc:subfield code="2">22 (machine generated)</marc:subfield></marc:datafield><marc:datafield tag="084" ind1=" " ind2=" "><marc:subfield code="a">Dodb</marc:subfield><marc:subfield code="2">kssb/8</marc:subfield></marc:datafield><marc:datafield tag="100" ind1="1" ind2=" "><marc:subfield code="a">Huxley, Aldous,</marc:subfield><marc:subfield code="d">1894-1963.</marc:subfield><marc:subfield code="0">242878</marc:subfield><marc:subfield code="1">http://viaf.org/viaf/71392434</marc:subfield><marc:subfield code="4">http://rdaregistry.info/Elements/w/object/P10061</marc:subfield></marc:datafield><marc:datafield tag="245" ind1="1" ind2="4"><marc:subfield code="a">The doors of perception ; Heaven and hell /</marc:subfield><marc:subfield code="c">Aldous Huxley ; with a foreword by J. G. Ballard ; and a biographical introduction by David Bradshaw</marc:subfield></marc:datafield><marc:datafield tag="260" ind1=" " ind2=" "><marc:subfield code="a">London :</marc:subfield><marc:subfield code="b">Vintage books,</marc:subfield><marc:subfield code="c">2004</marc:subfield></marc:datafield><marc:datafield tag="300" ind1=" " ind2=" "><marc:subfield code="a">123 s.</marc:subfield></marc:datafield><marc:datafield tag="490" ind1="1" ind2=" "><marc:subfield code="a">Vintage classics</marc:subfield></marc:datafield><marc:datafield tag="650" ind1=" " ind2="0"><marc:subfield code="a">Perception</marc:subfield><marc:subfield code="0">165258</marc:subfield></marc:datafield><marc:datafield tag="650" ind1=" " ind2="0"><marc:subfield code="a">Senses and sensation</marc:subfield></marc:datafield><marc:datafield tag="650" ind1=" " ind2="7"><marc:subfield code="a">Perception</marc:subfield><marc:subfield code="2">sao</marc:subfield><marc:subfield code="0">165258</marc:subfield></marc:datafield><marc:datafield tag="650" ind1=" " ind2="7"><marc:subfield code="a">Sinnen och förnimmelser</marc:subfield><marc:subfield code="2">sao</marc:subfield><marc:subfield code="0">146299</marc:subfield></marc:datafield><marc:datafield tag="700" ind1="1" ind2=" "><marc:subfield code="a">Ballard, J.G.</marc:subfield><marc:subfield code="d">1930-2009</marc:subfield><marc:subfield code="0">(NO-TrBIB)90199005</marc:subfield><marc:subfield code="1">http://viaf.org/viaf/9842556</marc:subfield><marc:subfield code="4">aui</marc:subfield></marc:datafield><marc:datafield tag="700" ind1="1" ind2=" "><marc:subfield code="a">Bradshaw, David</marc:subfield><marc:subfield code="0">(NO-TrBIB)90907071</marc:subfield><marc:subfield code="1">http://viaf.org/viaf/71482503</marc:subfield><marc:subfield code="4">aui</marc:subfield></marc:datafield><marc:datafield tag="700" ind1=" " ind2="2"><marc:subfield code="t">Heaven and hell</marc:subfield><marc:subfield code="a">Huxley, Aldous</marc:subfield><marc:subfield code="d">1894-1963</marc:subfield><marc:subfield code="1">http://viaf.org/viaf/177772835</marc:subfield></marc:datafield><marc:datafield tag="700" ind1=" " ind2="2"><marc:subfield code="t">The doors of perception</marc:subfield><marc:subfield code="a">Huxley, Aldous</marc:subfield><marc:subfield code="d">1894-1963</marc:subfield><marc:subfield code="1">http://viaf.org/viaf/309284854</marc:subfield></marc:datafield></marc:record>