
<marc:record><marc:leader>02308cam a22005413a 4500</marc:leader>
<marc:controlfield tag="001">109698</marc:controlfield>
<marc:controlfield tag="003">SE-LIBR</marc:controlfield><marc:controlfield tag="005">20170830170838.0</marc:controlfield><marc:controlfield tag="008">011211s1973    sw |||||||||||000 1|swe|c</marc:controlfield><marc:datafield tag="020" ind1=" " ind2=" "><marc:subfield code="a">9172280131</marc:subfield></marc:datafield><marc:datafield tag="040" ind1=" " ind2=" "><marc:subfield code="a">Kd</marc:subfield><marc:subfield code="e">a</marc:subfield></marc:datafield><marc:datafield tag="041" ind1="1" ind2=" "><marc:subfield code="a">swe</marc:subfield><marc:subfield code="h">eng</marc:subfield></marc:datafield><marc:datafield tag="082" ind1="0" ind2="4"><marc:subfield code="a">839.78</marc:subfield><marc:subfield code="2">22 (machine generated)</marc:subfield></marc:datafield><marc:datafield tag="083" ind1="0" ind2=" "><marc:subfield code="a">823</marc:subfield><marc:subfield code="2">22 (machine generated)</marc:subfield></marc:datafield><marc:datafield tag="084" ind1=" " ind2=" "><marc:subfield code="5">L</marc:subfield><marc:subfield code="a">H</marc:subfield><marc:subfield code="2">kssb/5</marc:subfield></marc:datafield><marc:datafield tag="084" ind1=" " ind2=" "><marc:subfield code="5">Li</marc:subfield><marc:subfield code="a">Hce(s)</marc:subfield><marc:subfield code="2">kssb/5</marc:subfield></marc:datafield><marc:datafield tag="084" ind1=" " ind2=" "><marc:subfield code="5">O</marc:subfield><marc:subfield code="a">Hce(s)</marc:subfield><marc:subfield code="2">kssb/6</marc:subfield></marc:datafield><marc:datafield tag="084" ind1=" " ind2=" "><marc:subfield code="5">Q</marc:subfield><marc:subfield code="a">H=c</marc:subfield><marc:subfield code="2">kssb/5</marc:subfield></marc:datafield><marc:datafield tag="084" ind1=" " ind2=" "><marc:subfield code="5">S</marc:subfield><marc:subfield code="a">Hce(s)</marc:subfield><marc:subfield code="2">kssb/5</marc:subfield></marc:datafield><marc:datafield tag="084" ind1=" " ind2=" "><marc:subfield code="5">Ubl</marc:subfield><marc:subfield code="a">Hce(s)</marc:subfield><marc:subfield code="2">kssb/5</marc:subfield></marc:datafield><marc:datafield tag="084" ind1=" " ind2=" "><marc:subfield code="a">Hce(s)</marc:subfield><marc:subfield code="2">kssb/5</marc:subfield></marc:datafield><marc:datafield tag="084" ind1=" " ind2=" "><marc:subfield code="a">Hcee.01(s)</marc:subfield><marc:subfield code="2">kssb/6</marc:subfield></marc:datafield><marc:datafield tag="245" ind1="1" ind2="0"><marc:subfield code="a">Det hände i morgon :</marc:subfield><marc:subfield code="b">en science fiction-antologi.</marc:subfield><marc:subfield code="n">[1] /</marc:subfield><marc:subfield code="c">övers. Gunnar Hedberg ..</marc:subfield></marc:datafield><marc:datafield tag="264" ind1=" " ind2="1"><marc:subfield code="a">Bromma :</marc:subfield><marc:subfield code="b">Delta,</marc:subfield><marc:subfield code="c">1973</marc:subfield></marc:datafield><marc:datafield tag="264" ind1=" " ind2="3"><marc:subfield code="a">Vänersborg :</marc:subfield><marc:subfield code="b">Vänersborgs boktr.</marc:subfield></marc:datafield><marc:datafield tag="300" ind1=" " ind2=" "><marc:subfield code="a">197 s.</marc:subfield></marc:datafield><marc:datafield tag="500" ind1=" " ind2=" "><marc:subfield code="a">Övers. av valda noveller</marc:subfield></marc:datafield><marc:datafield tag="505" ind1="8" ind2=" "><marc:subfield code="a">En biljett till Tranai / Robert Scheckley -- Robot på avvägar / Isaac Asimov -- Sanningens ögonblick / Brian W. Aldiss -- Till ett bättre klot / Ray Bradbury -- Subliminal reklam / J.G. Ballard -- Minnen en gros / Philip K. Dick -- Experimentet / Fredric Brown -- Mördande reklam / Frederik Pohl -- Ms fnt i t bltk / Hal Draper -- En historielektion / Arthur C. Clarke</marc:subfield></marc:datafield><marc:datafield tag="700" ind1="1" ind2=" "><marc:subfield code="a">Aldiss, Brian W.,</marc:subfield><marc:subfield code="d">1925-2017.</marc:subfield></marc:datafield><marc:datafield tag="700" ind1="1" ind2=" "><marc:subfield code="a">Asimov, Isaac,</marc:subfield><marc:subfield code="d">1920-1992</marc:subfield><marc:subfield code="0">https://libris.kb.se/sq466txb40653h3#it</marc:subfield></marc:datafield><marc:datafield tag="700" ind1="1" ind2=" "><marc:subfield code="a">Ballard, J. G.,</marc:subfield><marc:subfield code="d">1930-2009</marc:subfield><marc:subfield code="0">https://libris.kb.se/dbqssg6x38zr5cn#it</marc:subfield></marc:datafield><marc:datafield tag="700" ind1="1" ind2=" "><marc:subfield code="a">Bradbury, Ray,</marc:subfield><marc:subfield code="d">1920-2012.</marc:subfield></marc:datafield><marc:datafield tag="700" ind1="1" ind2=" "><marc:subfield code="a">Brown, Fredric</marc:subfield></marc:datafield><marc:datafield tag="700" ind1="1" ind2=" "><marc:subfield code="a">Clarke, Arthur C.</marc:subfield><marc:subfield code="q">(Arthur Charles),</marc:subfield><marc:subfield code="d">1917-2008</marc:subfield><marc:subfield code="0">https://libris.kb.se/qn2440884nx4nwn#it</marc:subfield></marc:datafield><marc:datafield tag="700" ind1="1" ind2=" "><marc:subfield code="a">Dick, Philip K</marc:subfield></marc:datafield><marc:datafield tag="700" ind1="1" ind2=" "><marc:subfield code="a">Draper, Hal</marc:subfield></marc:datafield><marc:datafield tag="700" ind1="1" ind2=" "><marc:subfield code="a">Hedberg, Gunnar</marc:subfield><marc:subfield code="4">trl</marc:subfield></marc:datafield><marc:datafield tag="700" ind1="1" ind2=" "><marc:subfield code="a">Lundwall, Sam J.,</marc:subfield><marc:subfield code="d">1941-</marc:subfield><marc:subfield code="4">edt</marc:subfield><marc:subfield code="0">https://libris.kb.se/53hkfclp22khvjx#it</marc:subfield></marc:datafield><marc:datafield tag="700" ind1="1" ind2=" "><marc:subfield code="a">Pohl, Frederik</marc:subfield></marc:datafield><marc:datafield tag="700" ind1="1" ind2=" "><marc:subfield code="a">Scheckley, Robert</marc:subfield></marc:datafield><marc:datafield tag="772" ind1="0" ind2="0"><marc:subfield code="t">Det hände i morgon : en science fiction-antologi</marc:subfield><marc:subfield code="d">Bromma : Delta, 1973-1983</marc:subfield><marc:subfield code="k">Delta science fiction</marc:subfield><marc:subfield code="w">9901055415</marc:subfield></marc:datafield><marc:datafield tag="866" ind1=" " ind2=" "><marc:subfield code="5">L</marc:subfield><marc:subfield code="a">1-18</marc:subfield></marc:datafield><marc:datafield tag="866" ind1=" " ind2=" "><marc:subfield code="5">Li</marc:subfield><marc:subfield code="z">Enstaka delar</marc:subfield></marc:datafield><marc:datafield tag="866" ind1=" " ind2=" "><marc:subfield code="5">O</marc:subfield><marc:subfield code="a">1-</marc:subfield><marc:subfield code="x">Delarna specificerade</marc:subfield></marc:datafield><marc:datafield tag="866" ind1=" " ind2=" "><marc:subfield code="5">Q</marc:subfield><marc:subfield code="a">1-</marc:subfield><marc:subfield code="x">Delarna specificerade</marc:subfield></marc:datafield><marc:datafield tag="866" ind1=" " ind2=" "><marc:subfield code="5">S</marc:subfield><marc:subfield code="a">1-18</marc:subfield><marc:subfield code="x">Delarna specificerade</marc:subfield></marc:datafield><marc:datafield tag="866" ind1=" " ind2=" "><marc:subfield code="5">U</marc:subfield><marc:subfield code="a">1-</marc:subfield><marc:subfield code="x">Delarna specificerade</marc:subfield></marc:datafield><marc:datafield tag="866" ind1=" " ind2=" "><marc:subfield code="5">Um</marc:subfield><marc:subfield code="z">Skönlitteratur. Annan uppl. kan finnas vid biblioteket</marc:subfield></marc:datafield></marc:record>