
<marc:record><marc:leader>02090nam a22002895a 4500</marc:leader>
<marc:controlfield tag="001">p0vnk7nbmhc5wpvv</marc:controlfield>
<marc:controlfield tag="003">SE-LIBR</marc:controlfield><marc:controlfield tag="005">20190515134107.0</marc:controlfield><marc:controlfield tag="007">cr |||   |||||         </marc:controlfield><marc:controlfield tag="008">190515s1998    xx |||||o|||||000 0|eng|d</marc:controlfield><marc:datafield tag="020" ind1=" " ind2=" "><marc:subfield code="z">0746308671 (Print)</marc:subfield></marc:datafield><marc:datafield tag="020" ind1=" " ind2=" "><marc:subfield code="z">9780746308677 (Print)</marc:subfield></marc:datafield><marc:datafield tag="040" ind1=" " ind2=" "><marc:subfield code="a">SEK</marc:subfield><marc:subfield code="e">a</marc:subfield></marc:datafield><marc:datafield tag="041" ind1=" " ind2=" "><marc:subfield code="a">eng</marc:subfield></marc:datafield><marc:datafield tag="100" ind1="1" ind2=" "><marc:subfield code="a">Delville, Michel</marc:subfield><marc:subfield code="4">aut</marc:subfield><marc:subfield code="1">http://viaf.org/viaf/64159049</marc:subfield><marc:subfield code="4">http://rdaregistry.info/Elements/w/object/P10061</marc:subfield></marc:datafield><marc:datafield tag="240" ind1=" " ind2=" "><marc:subfield code="a">J.G.Ballard</marc:subfield><marc:subfield code="1">http://viaf.org/viaf/64159049/jgballard</marc:subfield></marc:datafield><marc:datafield tag="245" ind1="1" ind2="0"><marc:subfield code="a">J.G.Ballard</marc:subfield><marc:subfield code="h">[Elektronisk resurs]</marc:subfield></marc:datafield><marc:datafield tag="264" ind1=" " ind2="1"><marc:subfield code="c">1998</marc:subfield></marc:datafield><marc:datafield tag="336" ind1=" " ind2=" "><marc:subfield code="a">tekst</marc:subfield><marc:subfield code="0">http://rdaregistry.info/termList/RDAContentType/1020</marc:subfield></marc:datafield><marc:datafield tag="337" ind1=" " ind2=" "><marc:subfield code="a">datamaskin</marc:subfield><marc:subfield code="0">http://rdaregistry.info/termList/RDAMediaType/1007</marc:subfield></marc:datafield><marc:datafield tag="338" ind1=" " ind2=" "><marc:subfield code="a">online ressurs</marc:subfield><marc:subfield code="0">http://rdaregistry.info/termList/RDACarrierType/1018</marc:subfield></marc:datafield><marc:datafield tag="380" ind1=" " ind2=" "><marc:subfield code="a">Språkbasert verk</marc:subfield><marc:subfield code="1">https://schema.nb.no/Bibliographic/Values/V1000</marc:subfield></marc:datafield><marc:datafield tag="776" ind1="0" ind2="8"><marc:subfield code="i">Print</marc:subfield><marc:subfield code="t">J.G.Ballard</marc:subfield><marc:subfield code="z">0746308671</marc:subfield><marc:subfield code="z">9780746308677</marc:subfield></marc:datafield><marc:datafield tag="856" ind1="4" ind2="0"><marc:subfield code="5">Hdig</marc:subfield><marc:subfield code="u">http://link.sub.su.se/sfxsub?url_ver=Z39.88-2004&amp;ctx_ver=Z39.88-2004&amp;ctx_enc=info:ofi/enc:UTF-8&amp;rfr_id=info:sid/sfxit.com:opac_856&amp;url_ctx_fmt=info:ofi/fmt:kev:mtx:ctx&amp;sfx.ignore_date_threshold=1&amp;rft.object_id=4100000006673537&amp;svc_val_fmt=info:ofi/fmt:kev:mtx:sch_svc&amp;</marc:subfield><marc:subfield code="z">Tillgänglig för användare inom Stockholms universitet</marc:subfield><marc:subfield code="z">JSTOR Books EBA Pilot:Full Text</marc:subfield></marc:datafield><marc:datafield tag="856" ind1="4" ind2="0"><marc:subfield code="5">Kdig</marc:subfield><marc:subfield code="u">https://www.jstor.org/stable/10.2307/j.ctv5rdws1</marc:subfield><marc:subfield code="z">Online access for KaU</marc:subfield><marc:subfield code="z">Books at JSTOR: Evidence-Based Acquisition</marc:subfield><marc:subfield code="z">fulltext</marc:subfield></marc:datafield><marc:datafield tag="856" ind1="4" ind2="0"><marc:subfield code="5">Miun</marc:subfield><marc:subfield code="u">http://sfxeu11.hosted.exlibrisgroup.com/sfxmiu/?url_ver=Z39.88-2004&amp;ctx_ver=Z39.88-2004&amp;ctx_enc=info:ofi/enc:UTF-8&amp;rfr_id=info:sid/sfxit.com:opac_856&amp;url_ctx_fmt=info:ofi/fmt:kev:mtx:ctx&amp;sfx.ignore_date_threshold=1&amp;rft.object_id=4100000006673537&amp;svc_val_fmt=info:ofi/fmt:kev:mtx:sch_svc&amp;</marc:subfield><marc:subfield code="z">Student portal login</marc:subfield><marc:subfield code="z">JSTOR Unlimited Usage DDA Book Titles:Full Text</marc:subfield></marc:datafield><marc:datafield tag="856" ind1="4" ind2="0"><marc:subfield code="5">Odig</marc:subfield><marc:subfield code="u">https://openurl.oru.se?u.ignore_date_coverage=true&amp;rft.mms_id=999575055603663</marc:subfield><marc:subfield code="z">Tillgänglig inom Örebro universitet och externt för studenter och anställda vid universitetet</marc:subfield><marc:subfield code="z">fulltext</marc:subfield><marc:subfield code="z">JSTOR Books EBA</marc:subfield></marc:datafield></marc:record>