
<marc:record><marc:leader>06860cam a22004573a 4500</marc:leader>
<marc:controlfield tag="001">13834684</marc:controlfield>
<marc:controlfield tag="003">SE-LIBR</marc:controlfield><marc:controlfield tag="005">20150922184003.0</marc:controlfield><marc:controlfield tag="007">cr |||   |||||         </marc:controlfield><marc:controlfield tag="008">130123s2011    xxk|||||o|||||000 0|eng|d</marc:controlfield><marc:datafield tag="020" ind1=" " ind2=" "><marc:subfield code="a">0230346480</marc:subfield><marc:subfield code="c">£60.00</marc:subfield></marc:datafield><marc:datafield tag="020" ind1=" " ind2=" "><marc:subfield code="a">9780230346482</marc:subfield><marc:subfield code="c">£60.00</marc:subfield></marc:datafield><marc:datafield tag="020" ind1=" " ind2=" "><marc:subfield code="z">9780230278127 (Print)</marc:subfield></marc:datafield><marc:datafield tag="040" ind1=" " ind2=" "><marc:subfield code="a">UK-WkNB</marc:subfield><marc:subfield code="b">eng</marc:subfield><marc:subfield code="c">UK-WkNB</marc:subfield><marc:subfield code="e">a</marc:subfield></marc:datafield><marc:datafield tag="041" ind1=" " ind2=" "><marc:subfield code="a">eng</marc:subfield></marc:datafield><marc:datafield tag="072" ind1=" " ind2="7"><marc:subfield code="a">DSBH</marc:subfield><marc:subfield code="2">bicssc</marc:subfield></marc:datafield><marc:datafield tag="072" ind1=" " ind2="7"><marc:subfield code="a">DSK</marc:subfield><marc:subfield code="2">bicssc</marc:subfield></marc:datafield><marc:datafield tag="072" ind1=" " ind2="7"><marc:subfield code="a">LIT</marc:subfield><marc:subfield code="2">eflch</marc:subfield></marc:datafield><marc:datafield tag="082" ind1="0" ind2="4"><marc:subfield code="a">823.914</marc:subfield><marc:subfield code="2">22</marc:subfield></marc:datafield><marc:datafield tag="245" ind1="1" ind2="0"><marc:subfield code="a">J. G. Ballard: Visions and revisions</marc:subfield><marc:subfield code="h">[Elektronisk resurs] /</marc:subfield><marc:subfield code="c">Edited by Jeannette Baxter, Rowland Wymer.</marc:subfield></marc:datafield><marc:datafield tag="264" ind1=" " ind2="1"><marc:subfield code="a">Basingstoke :</marc:subfield><marc:subfield code="b">Palgrave Macmillan,</marc:subfield><marc:subfield code="c">2011</marc:subfield></marc:datafield><marc:datafield tag="300" ind1=" " ind2=" "><marc:subfield code="a">272 p.</marc:subfield></marc:datafield><marc:datafield tag="365" ind1=" " ind2=" "><marc:subfield code="a">02</marc:subfield><marc:subfield code="b">60.00</marc:subfield><marc:subfield code="c">GBP</marc:subfield><marc:subfield code="d">00</marc:subfield><marc:subfield code="h">S 50.00 20.0 60.00 10.00</marc:subfield><marc:subfield code="j">GB</marc:subfield><marc:subfield code="k">xxk</marc:subfield><marc:subfield code="m">Palgrave Macmillan</marc:subfield><marc:subfield code="2">onix-pt</marc:subfield></marc:datafield><marc:datafield tag="366" ind1=" " ind2=" "><marc:subfield code="b">20111108</marc:subfield><marc:subfield code="c">IP 20111124</marc:subfield><marc:subfield code="j">GB</marc:subfield><marc:subfield code="k">xxk</marc:subfield><marc:subfield code="m">Palgrave Macmillan</marc:subfield><marc:subfield code="2">UK-WkNB</marc:subfield></marc:datafield><marc:datafield tag="500" ind1=" " ind2=" "><marc:subfield code="a">Electronic book text.</marc:subfield></marc:datafield><marc:datafield tag="500" ind1=" " ind2=" "><marc:subfield code="a">Epublication based on: 9780230278127, 2011.</marc:subfield></marc:datafield><marc:datafield tag="505" ind1="8" ind2=" "><marc:subfield code="a">Acknowledgements Notes on Contributors Introduction: J.Baxter &amp; R.Wymer  PART I: 'FICTIONS OF EVERY KIND': FORM AND NARRATIVE Ballard's Story of O: 'The Voices of Time' and the Quest for (Non)Identity-- R.Wymer Ballard/Atrocity/Conner/Exhibition/Assemblage-- R.Luckhurst Uncanny Forms: Reading Ballard's 'Non-Fiction'-- J.Baxter  PART II: ' THE ANGLE BETWEEN TWO WALLS': SEX, GEOMETRY AND THE BODY Pornographic Geometries: The Spectacle as Pathology and as Therapy in The Atrocity Exhibition-- J.H.Bon Hua  Disaffection and Abjection in J. G. Ballard's The Atrocity Exhibition and Crash-- E.Whiting  Chapter Six: Reading Posture and Gesture in Ballard's Novels-- D.O'Hara  PART III: 'BABYLON REVISITED': BALLARD'S LONDONS The Texture of Modernity in J. G. Ballard's Crash, Concrete Island and High-Rise-- S.Groes J. G. Ballard and William Blake: Historicizing the Reprobate Imagination-- A.Cormack Late Ballard-- D.James  PART IV: 'THE PERSONAL IS POLITICAL': PSYCHOLOGY AND SOCIOPATHOLOGY Empires of the Mind: Autobiography and Anti-imperialism in the Work of J.G. Ballard-- I.Paddy  'Going mad is their only way of staying sane': The Civilized Violence of J. G. Ballard-- J.Carter Wood The Madness of Crowds: Ballard's Experimental Communities-- J.Huntley  'Uncentred Lives': Micronationalism in the Work of J. G. Ballard-- S.Sellars  Index.</marc:subfield></marc:datafield><marc:datafield tag="516" ind1=" " ind2=" "><marc:subfield code="a">Document</marc:subfield></marc:datafield><marc:datafield tag="520" ind1=" " ind2=" "><marc:subfield code="a">Providing an extensive reassessment of dominant and recurring themes in Ballard's writing, including historical violence, pornography, post 9/11 politics, and urban space, this book also engages with Ballard's 'late' modernism; his experimentation with style and form; and his sustained interests in psychology and psychopathology.</marc:subfield><marc:subfield code="b">J. G. Ballard: Visions and Revisions is a response to the formal and contextual diversity of one of the most significant writers of the post-war period. Providing an extensive reassessment of dominant and recurring themes in Ballard's writing, including historical violence, pornography, post 9/11 politics, and urban space, it also engages with Ballard's 'late' modernism; his experimentation with style and form; and his sustained interests in psychology and psychopathology. The volume addresses the full range of Ballard's writing, including his early science fiction stories, his experiments with 'condensed novels', his 'urban disaster' trilogy (including Crash), his autobiographical fictions, his late critiques of globalized capitalism, and his extensive non-fictional output of essays and reviews.</marc:subfield></marc:datafield><marc:datafield tag="520" ind1="1" ind2=" "><marc:subfield code="a">'This volume makes a brilliant contribution to our understanding of the sheer range, originality and uniqueness of Ballard's talents. In doing so, it also opens up a fascinating range of hitherto underexplored intellectual and cultural contexts of the period 1960 to the present. This is a collection of the highest distinction.' - Professor Patricia Waugh, Department of English Studies, University of Durham, UK.</marc:subfield></marc:datafield><marc:datafield tag="538" ind1=" " ind2=" "><marc:subfield code="a">PDF.</marc:subfield></marc:datafield><marc:datafield tag="545" ind1="0" ind2=" "><marc:subfield code="a">JEANNETTE BAXTER is Senior Lecturer in English Literature at Anglia Ruskin University, Cambridge, UK. She is the author of J. G. Ballard's Surrealist Imagination: Spectacular Authorship (Ashgate 2009); editor of J. G. Ballard: Contemporary Critical Perspectives (Continuum 2008); co-editor of W.G. Sebald: Critical Essays (Manchester 2012), and author of numerous essays in the areas of literary modernism, postmodernism, and contemporary British fiction.     ROWLAND WYMER is a Professor of English at Anglia Ruskin University, Cambridge, UK. His publications include Suicide and Despair in the Jacobean Drama (1986), Webster and Ford (1995), and Derek Jarman (2005), as well as a number of co-edited collections of essays, including Neo-Historicism (2000) and The Accession of James I: Historical and Cultural Consequences (2006). He is currently working on a book on science fiction and religion and editing The Witch of Edmonton for the Oxford edition of The Complete Works of John Ford.   JEANNETTE BAXTER is Senior Lecturer in English Literature at Anglia Ruskin University, Cambridge, UK. She is the author of J. G. Ballard's Surrealist Imagination: Spectacular Authorship (Ashgate 2009); editor of J. G. Ballard: Contemporary Critical Perspectives (Continuum 2008); co-editor of W.G. Sebald: Critical Essays (Manchester 2012), and author of numerous essays in the areas of literary modernism, postmodernism, and contemporary British fiction.   ROWLAND WYMER is a Professor of English at Anglia Ruskin University, Cambridge, UK. His publications include Suicide and Despair in the Jacobean Drama (1986), Webster and Ford (1995), and Derek Jarman (2005), as well as a number of co-edited collections of essays, including Neo-Historicism (2000) and The Accession of James I: Historical and Cultural Consequences (2006). He is currently working on a book on science fiction and religion and editing The Witch of Edmonton for the Oxford edition of The Complete Works of John Ford.</marc:subfield></marc:datafield><marc:datafield tag="600" ind1="1" ind2="0"><marc:subfield code="a">Ballard, J. G.,</marc:subfield><marc:subfield code="d">1930-</marc:subfield><marc:subfield code="x">Criticism and interpretation.</marc:subfield><marc:subfield code="1">http://viaf.org/viaf/9842556</marc:subfield></marc:datafield><marc:datafield tag="650" ind1=" " ind2="7"><marc:subfield code="a">Literary studies: fiction, novelists &amp; prose writers</marc:subfield><marc:subfield code="x">English.</marc:subfield><marc:subfield code="2">bicssc</marc:subfield></marc:datafield><marc:datafield tag="650" ind1=" " ind2="7"><marc:subfield code="a">Literary studies: from c 1900 -</marc:subfield><marc:subfield code="x">English.</marc:subfield><marc:subfield code="2">bicssc</marc:subfield></marc:datafield><marc:datafield tag="650" ind1=" " ind2="7"><marc:subfield code="a">Literature.</marc:subfield><marc:subfield code="2">eflch</marc:subfield></marc:datafield><marc:datafield tag="700" ind1="1" ind2=" "><marc:subfield code="a">Baxter, Jeannette.</marc:subfield></marc:datafield><marc:datafield tag="700" ind1="1" ind2=" "><marc:subfield code="a">Wymer, Rowland.</marc:subfield></marc:datafield><marc:datafield tag="776" ind1="0" ind2="8"><marc:subfield code="i">Print version:</marc:subfield><marc:subfield code="t">J. G. Ballard: Visions and revisions</marc:subfield><marc:subfield code="z">9780230278127 (Print)</marc:subfield></marc:datafield><marc:datafield tag="856" ind1="4" ind2="0"><marc:subfield code="5">Hdig</marc:subfield><marc:subfield code="u">http://link.sub.su.se/sfxsub?url_ver=Z39.88-2004&amp;ctx_ver=Z39.88-2004&amp;ctx_enc=info:ofi/enc:UTF-8&amp;rfr_id=info:sid/sfxit.com:opac_856&amp;url_ctx_fmt=info:ofi/fmt:kev:mtx:ctx&amp;sfx.ignore_date_threshold=1&amp;rft.object_id=2670000000127741&amp;svc_val_fmt=info:ofi/fmt:kev:mtx:sch_svc&amp;</marc:subfield><marc:subfield code="z">Tillgänglig för användare inom Stockholms universitet</marc:subfield><marc:subfield code="z">EBSCOhost Ebooks:Full Text</marc:subfield></marc:datafield><marc:datafield tag="856" ind1="4" ind2="2"><marc:subfield code="u">http://dx.doi.org/10.1057/9780230346482</marc:subfield><marc:subfield code="x">856other</marc:subfield><marc:subfield code="z">Table of Contents / Abstracts</marc:subfield></marc:datafield></marc:record>