
<marc:record><marc:leader>01061cam a22002777  4500</marc:leader>
<marc:controlfield tag="001">6122682</marc:controlfield>
<marc:controlfield tag="003">SE-LIBR</marc:controlfield><marc:controlfield tag="005">20180212090923.0</marc:controlfield><marc:controlfield tag="008">011211s1997    xxk|||||||||||000 0|eng|c</marc:controlfield><marc:datafield tag="020" ind1=" " ind2=" "><marc:subfield code="a">0853238219</marc:subfield><marc:subfield code="q">inb.</marc:subfield></marc:datafield><marc:datafield tag="020" ind1=" " ind2=" "><marc:subfield code="a">0853238316</marc:subfield><marc:subfield code="q">hft.</marc:subfield></marc:datafield><marc:datafield tag="040" ind1=" " ind2=" "><marc:subfield code="a">G</marc:subfield></marc:datafield><marc:datafield tag="041" ind1=" " ind2=" "><marc:subfield code="a">eng</marc:subfield></marc:datafield><marc:datafield tag="082" ind1=" " ind2="4"><marc:subfield code="a">823.914</marc:subfield><marc:subfield code="2">20</marc:subfield></marc:datafield><marc:datafield tag="082" ind1=" " ind2="4"><marc:subfield code="a">823.914</marc:subfield><marc:subfield code="2">20</marc:subfield></marc:datafield><marc:datafield tag="084" ind1=" " ind2=" "><marc:subfield code="5">G</marc:subfield><marc:subfield code="a">Gez Ballard, James Graham</marc:subfield><marc:subfield code="2">kssb/6</marc:subfield></marc:datafield><marc:datafield tag="084" ind1=" " ind2=" "><marc:subfield code="a">Gez Ballard, James Graham</marc:subfield><marc:subfield code="2">kssb/6</marc:subfield></marc:datafield><marc:datafield tag="100" ind1="1" ind2=" "><marc:subfield code="a">Luckhurst, Roger</marc:subfield><marc:subfield code="4">aut</marc:subfield></marc:datafield><marc:datafield tag="245" ind1="1" ind2="5"><marc:subfield code="a">&quot;The angle between two walls&quot; :</marc:subfield><marc:subfield code="b">the fiction of J. G. Ballard /</marc:subfield><marc:subfield code="c">Roger Luckhurst.</marc:subfield></marc:datafield><marc:datafield tag="264" ind1=" " ind2="1"><marc:subfield code="a">Liverpool :</marc:subfield><marc:subfield code="b">Liverpool University Press,</marc:subfield><marc:subfield code="c">1997</marc:subfield></marc:datafield><marc:datafield tag="300" ind1=" " ind2=" "><marc:subfield code="a">2213 s.</marc:subfield></marc:datafield><marc:datafield tag="490" ind1="1" ind2=" "><marc:subfield code="a">Liverpool science fiction texts and studies,</marc:subfield><marc:subfield code="x">99-2277214-0 ;</marc:subfield><marc:subfield code="v">11</marc:subfield></marc:datafield><marc:datafield tag="600" ind1="1" ind2="4"><marc:subfield code="a">Ballard, J. G.,</marc:subfield><marc:subfield code="d">1930-2009</marc:subfield><marc:subfield code="0">https://libris.kb.se/dbqssg6x38zr5cn#it</marc:subfield><marc:subfield code="1">http://viaf.org/viaf/9842556</marc:subfield></marc:datafield><marc:datafield tag="650" ind1=" " ind2="7"><marc:subfield code="a">Engelsk science fiction</marc:subfield><marc:subfield code="x">historia</marc:subfield><marc:subfield code="2">sao</marc:subfield></marc:datafield><marc:datafield tag="655" ind1=" " ind2="7"><marc:subfield code="a">Analys och tolkning</marc:subfield><marc:subfield code="0">https://id.kb.se/term/saogf/Analys%20och%20tolkning</marc:subfield><marc:subfield code="2">saogf</marc:subfield></marc:datafield><marc:datafield tag="830" ind1=" " ind2="0"><marc:subfield code="a">Liverpool science fiction texts and studies,</marc:subfield><marc:subfield code="x">99-2277214-0 ;</marc:subfield><marc:subfield code="v">11</marc:subfield></marc:datafield></marc:record>