
<marc:record><marc:leader>01772cam a2200493 a 4500</marc:leader>
<marc:controlfield tag="001">8707718</marc:controlfield>
<marc:controlfield tag="003">SE-LIBR</marc:controlfield><marc:controlfield tag="005">20190612171142.0</marc:controlfield><marc:controlfield tag="008">021009s2003    sw a||||||||||000 0|swe| </marc:controlfield><marc:datafield tag="020" ind1=" " ind2=" "><marc:subfield code="a">9170184917</marc:subfield><marc:subfield code="c">474:00</marc:subfield></marc:datafield><marc:datafield tag="040" ind1=" " ind2=" "><marc:subfield code="a">Hib</marc:subfield><marc:subfield code="d">NB</marc:subfield><marc:subfield code="e">a</marc:subfield></marc:datafield><marc:datafield tag="041" ind1=" " ind2=" "><marc:subfield code="a">swe</marc:subfield></marc:datafield><marc:datafield tag="042" ind1=" " ind2=" "><marc:subfield code="9">NB</marc:subfield><marc:subfield code="9">KVIN</marc:subfield></marc:datafield><marc:datafield tag="072" ind1=" " ind2="7"><marc:subfield code="5">KVIN</marc:subfield><marc:subfield code="a">litt</marc:subfield></marc:datafield><marc:datafield tag="082" ind1="0" ind2="4"><marc:subfield code="a">809.38762</marc:subfield><marc:subfield code="2">22/swe</marc:subfield></marc:datafield><marc:datafield tag="084" ind1=" " ind2=" "><marc:subfield code="5">Mo</marc:subfield><marc:subfield code="a">G.0978</marc:subfield><marc:subfield code="2">kssb/8</marc:subfield></marc:datafield><marc:datafield tag="084" ind1=" " ind2=" "><marc:subfield code="5">Mo</marc:subfield><marc:subfield code="a">G.5</marc:subfield><marc:subfield code="2">kssb/8</marc:subfield></marc:datafield><marc:datafield tag="084" ind1=" " ind2=" "><marc:subfield code="a">G.0978</marc:subfield><marc:subfield code="2">kssb/7</marc:subfield></marc:datafield><marc:datafield tag="084" ind1=" " ind2=" "><marc:subfield code="a">G.5</marc:subfield><marc:subfield code="2">kssb/7</marc:subfield></marc:datafield><marc:datafield tag="100" ind1="1" ind2=" "><marc:subfield code="a">Holmberg, John-Henri,</marc:subfield><marc:subfield code="d">1949-</marc:subfield><marc:subfield code="0">https://libris.kb.se/c9pswh0w1w04sd0#it</marc:subfield><marc:subfield code="1">http://viaf.org/viaf/30832323</marc:subfield><marc:subfield code="4">http://rdaregistry.info/Elements/w/object/P10061</marc:subfield></marc:datafield><marc:datafield tag="240" ind1=" " ind2=" "><marc:subfield code="a">Inre landskap och yttre rymd</marc:subfield><marc:subfield code="1">http://www.wikidata.org/entity/Q59191181/2</marc:subfield></marc:datafield><marc:datafield tag="245" ind1="0" ind2="0"><marc:subfield code="a">Inre landskap och yttre rymd :</marc:subfield><marc:subfield code="b">science fictions historia.</marc:subfield><marc:subfield code="n">2</marc:subfield><marc:subfield code="p">Från J.G. Ballard till Gene Wolfe /</marc:subfield><marc:subfield code="c">John-Henri Holmberg.</marc:subfield></marc:datafield><marc:datafield tag="264" ind1=" " ind2="1"><marc:subfield code="a">Lund :</marc:subfield><marc:subfield code="b">Bibliotekstjänst,</marc:subfield><marc:subfield code="c">2003</marc:subfield></marc:datafield><marc:datafield tag="264" ind1=" " ind2="3"><marc:subfield code="a">Trelleborg :</marc:subfield><marc:subfield code="b">Berling Skog</marc:subfield></marc:datafield><marc:datafield tag="300" ind1=" " ind2=" "><marc:subfield code="a">621 s.</marc:subfield><marc:subfield code="b">ill.</marc:subfield><marc:subfield code="c">20 cm</marc:subfield></marc:datafield><marc:datafield tag="340" ind1=" " ind2=" "><marc:subfield code="b">20 cm</marc:subfield></marc:datafield><marc:datafield tag="650" ind1=" " ind2="4"><marc:subfield code="5">Hib</marc:subfield><marc:subfield code="a">Science fiction</marc:subfield></marc:datafield><marc:datafield tag="650" ind1=" " ind2="4"><marc:subfield code="5">Mo</marc:subfield><marc:subfield code="a">Science fiction</marc:subfield><marc:subfield code="x">Historia</marc:subfield></marc:datafield><marc:datafield tag="650" ind1=" " ind2="7"><marc:subfield code="5">KVIN</marc:subfield><marc:subfield code="a">Authors</marc:subfield><marc:subfield code="2">kao//eng</marc:subfield></marc:datafield><marc:datafield tag="650" ind1=" " ind2="7"><marc:subfield code="5">KVIN</marc:subfield><marc:subfield code="a">Image of women</marc:subfield><marc:subfield code="2">kao//eng</marc:subfield></marc:datafield><marc:datafield tag="650" ind1=" " ind2="7"><marc:subfield code="5">KVIN</marc:subfield><marc:subfield code="a">Literary studies</marc:subfield><marc:subfield code="2">kao//eng</marc:subfield></marc:datafield><marc:datafield tag="650" ind1=" " ind2="7"><marc:subfield code="5">KVIN</marc:subfield><marc:subfield code="a">Science fiction</marc:subfield><marc:subfield code="2">kao//eng</marc:subfield></marc:datafield><marc:datafield tag="650" ind1=" " ind2="7"><marc:subfield code="a">Författare</marc:subfield><marc:subfield code="2">kao</marc:subfield></marc:datafield><marc:datafield tag="650" ind1=" " ind2="7"><marc:subfield code="a">Kvinnobilden</marc:subfield><marc:subfield code="2">kao</marc:subfield></marc:datafield><marc:datafield tag="650" ind1=" " ind2="7"><marc:subfield code="a">Litteraturvetenskap</marc:subfield><marc:subfield code="2">kao</marc:subfield></marc:datafield><marc:datafield tag="650" ind1=" " ind2="7"><marc:subfield code="a">Science fiction</marc:subfield><marc:subfield code="2">kao</marc:subfield></marc:datafield><marc:datafield tag="650" ind1=" " ind2="7"><marc:subfield code="a">Science fiction</marc:subfield><marc:subfield code="x">historia</marc:subfield><marc:subfield code="0">https://id.kb.se/term/sao/Science%20fiction--historia</marc:subfield><marc:subfield code="2">sao</marc:subfield></marc:datafield><marc:datafield tag="653" ind1=" " ind2=" "><marc:subfield code="5">Jon</marc:subfield><marc:subfield code="a">Litteraturvetenskap</marc:subfield></marc:datafield><marc:datafield tag="653" ind1=" " ind2=" "><marc:subfield code="5">Jon</marc:subfield><marc:subfield code="a">Science fiction</marc:subfield></marc:datafield><marc:datafield tag="653" ind1=" " ind2=" "><marc:subfield code="5">La</marc:subfield><marc:subfield code="a">Litteraturhistoria</marc:subfield></marc:datafield><marc:datafield tag="653" ind1=" " ind2=" "><marc:subfield code="5">Mo</marc:subfield><marc:subfield code="a">Litteraturvetenskap</marc:subfield></marc:datafield><marc:datafield tag="655" ind1=" " ind2="4"><marc:subfield code="5">Mo</marc:subfield><marc:subfield code="a">Bok</marc:subfield></marc:datafield><marc:datafield tag="710" ind1="2" ind2=" "><marc:subfield code="a">Bibliotekstjänst</marc:subfield><marc:subfield code="4">pbl</marc:subfield></marc:datafield><marc:datafield tag="740" ind1="0" ind2=" "><marc:subfield code="a">Från J.G. Ballard  till Gene Wolfe</marc:subfield></marc:datafield></marc:record>