
<marc:record><marc:leader>06351nam a22005055a 4500</marc:leader>
<marc:controlfield tag="001">q17lwxc4nq7n7m9h</marc:controlfield>
<marc:controlfield tag="003">SE-LIBR</marc:controlfield><marc:controlfield tag="005">20190815080825.0</marc:controlfield><marc:controlfield tag="007">cr |||   |||||         </marc:controlfield><marc:controlfield tag="008">190815s2016    xx |||||o|||||000 0|eng|d</marc:controlfield><marc:datafield tag="020" ind1=" " ind2=" "><marc:subfield code="z">9789004313859 (Print)</marc:subfield></marc:datafield><marc:datafield tag="040" ind1=" " ind2=" "><marc:subfield code="a">SEK</marc:subfield><marc:subfield code="e">a</marc:subfield></marc:datafield><marc:datafield tag="041" ind1=" " ind2=" "><marc:subfield code="a">und</marc:subfield></marc:datafield><marc:datafield tag="100" ind1="1" ind2=" "><marc:subfield code="a">Stainforth, Elizabeth</marc:subfield></marc:datafield><marc:datafield tag="245" ind1="1" ind2="0"><marc:subfield code="a">J. G. Ballard: Landscapes of Tomorrow</marc:subfield><marc:subfield code="h">[Elektronisk resurs]</marc:subfield></marc:datafield><marc:datafield tag="264" ind1=" " ind2="1"><marc:subfield code="b">Brill,</marc:subfield><marc:subfield code="c">2016</marc:subfield></marc:datafield><marc:datafield tag="500" ind1=" " ind2=" "><marc:subfield code="a">Book</marc:subfield></marc:datafield><marc:datafield tag="650" ind1=" " ind2="4"><marc:subfield code="a">LITERARY CRITICISM / European / English, Irish, Scottish, Welsh</marc:subfield></marc:datafield><marc:datafield tag="700" ind1="1" ind2=" "><marc:subfield code="a">Brown, Richard</marc:subfield></marc:datafield><marc:datafield tag="700" ind1="1" ind2=" "><marc:subfield code="a">Duffy, Christopher</marc:subfield></marc:datafield><marc:datafield tag="776" ind1="0" ind2="8"><marc:subfield code="i">Print</marc:subfield><marc:subfield code="t">J. G. Ballard: Landscapes of Tomorrow</marc:subfield><marc:subfield code="z">978-90-04-31385-9</marc:subfield></marc:datafield><marc:datafield tag="856" ind1="4" ind2="0"><marc:subfield code="5">AlbE</marc:subfield><marc:subfield code="u">https://anna-lindh.primo.exlibrisgroup.com/openurl/46LIBRIS_ALB_INST/46LIBRIS_ALB_INST:46ALB_VU1?u.ignore_date_coverage=true&amp;rft.mms_id=991001022570703631</marc:subfield><marc:subfield code="z">Tillgänglig för användare inom Försvarshögskolan/Anna Lindh-biblioteket</marc:subfield><marc:subfield code="z">fulltext</marc:subfield><marc:subfield code="z">EBSCOhost Ebook Academic Collection</marc:subfield></marc:datafield><marc:datafield tag="856" ind1="4" ind2="0"><marc:subfield code="5">Bthd</marc:subfield><marc:subfield code="u">https://miman.bib.bth.se/login?url=https://ebookcentral.proquest.com/lib/bthbib-ebooks/detail.action?docID=4750790</marc:subfield><marc:subfield code="z">Online access for BTH</marc:subfield><marc:subfield code="z">Ebook Central All Subscribed Titles</marc:subfield></marc:datafield><marc:datafield tag="856" ind1="4" ind2="0"><marc:subfield code="5">HdE</marc:subfield><marc:subfield code="u">http://www.du.se/proxy.aspx?url=https://ebookcentral.proquest.com/lib/dalarna/detail.action?docID=4750790</marc:subfield><marc:subfield code="z">Online access for Högskolan Dalarna</marc:subfield><marc:subfield code="z">Ebook Central All Subscribed Titles</marc:subfield></marc:datafield><marc:datafield tag="856" ind1="4" ind2="0"><marc:subfield code="5">Hdig</marc:subfield><marc:subfield code="u">http://link.sub.su.se/sfxsub?url_ver=Z39.88-2004&amp;ctx_ver=Z39.88-2004&amp;ctx_enc=info:ofi/enc:UTF-8&amp;rfr_id=info:sid/sfxit.com:opac_856&amp;url_ctx_fmt=info:ofi/fmt:kev:mtx:ctx&amp;sfx.ignore_date_threshold=1&amp;rft.object_id=3710000000749633&amp;svc_val_fmt=info:ofi/fmt:kev:mtx:sch_svc&amp;</marc:subfield><marc:subfield code="z">Tillgänglig för användare inom Stockholms universitet</marc:subfield><marc:subfield code="z">Brill - All E-Book Titles:Full Text</marc:subfield><marc:subfield code="z">Ebook Central Academic Complete International Edition:Full Text</marc:subfield></marc:datafield><marc:datafield tag="856" ind1="4" ind2="0"><marc:subfield code="5">Hibd</marc:subfield><marc:subfield code="u">https://gslg-hb.primo.exlibrisgroup.com/openurl/46GSLG_BORAS/46GSLG_BORAS:46BORAS_V1?u.ignore_date_coverage=true&amp;rft.mms_id=993728991603662</marc:subfield><marc:subfield code="z">Tillgänglig för användare inom Högskolan i Borås</marc:subfield><marc:subfield code="z">fulltext</marc:subfield><marc:subfield code="z">Ebook Central Academic Complete</marc:subfield></marc:datafield><marc:datafield tag="856" ind1="4" ind2="0"><marc:subfield code="5">HigE</marc:subfield><marc:subfield code="u">https://search.ebscohost.com/login.aspx?direct=true&amp;scope=site&amp;db=e000xww&amp;AN=1939902&amp;authtype=shib&amp;custid=s3912055</marc:subfield><marc:subfield code="z">Endast för användare inom Högskolan i Gävle</marc:subfield><marc:subfield code="z">eBook Academic Collection (EBSCOhost) - Worldwide</marc:subfield><marc:subfield code="z">fulltext</marc:subfield></marc:datafield><marc:datafield tag="856" ind1="4" ind2="0"><marc:subfield code="5">HigE</marc:subfield><marc:subfield code="u">https://search.ebscohost.com/login.aspx?direct=true&amp;scope=site&amp;db=nlebk&amp;db=nlabk&amp;AN=1939902&amp;authtype=shib&amp;custid=s3912055</marc:subfield><marc:subfield code="z">Endast för användare inom Högskolan i Gävle</marc:subfield><marc:subfield code="z">EBSCO eBooks</marc:subfield><marc:subfield code="z">fulltext</marc:subfield></marc:datafield><marc:datafield tag="856" ind1="4" ind2="0"><marc:subfield code="5">JonE</marc:subfield><marc:subfield code="u">https://primo.library.ju.se/openurl/JUL/46JUL_INST:jul?u.ignore_date_coverage=true&amp;rft.mms_id=998246125203831</marc:subfield><marc:subfield code="z">Online access for JON</marc:subfield><marc:subfield code="z">fulltext</marc:subfield><marc:subfield code="z">Ebook Central</marc:subfield></marc:datafield><marc:datafield tag="856" ind1="4" ind2="0"><marc:subfield code="5">Jsld</marc:subfield><marc:subfield code="u">https://slu.primo.exlibrisgroup.com/openurl/46SLUB_INST/46SLUB_INST:SLUB_V1?u.ignore_date_coverage=true&amp;rft.mms_id=9920950030105121</marc:subfield><marc:subfield code="z">Online access for SLUB</marc:subfield><marc:subfield code="z">fulltext</marc:subfield><marc:subfield code="z">Ebook Central</marc:subfield></marc:datafield><marc:datafield tag="856" ind1="4" ind2="0"><marc:subfield code="5">Kdig</marc:subfield><marc:subfield code="u">https://login.bibproxy.kau.se:8443/login?url=https://search.ebscohost.com/login.aspx?direct=true&amp;scope=site&amp;db=e000xww&amp;AN=1939902</marc:subfield><marc:subfield code="z">Online access for KaU</marc:subfield><marc:subfield code="z">eBook Academic Collection (EBSCOhost) - Worldwide</marc:subfield><marc:subfield code="z">fulltext</marc:subfield></marc:datafield><marc:datafield tag="856" ind1="4" ind2="0"><marc:subfield code="5">Kdig</marc:subfield><marc:subfield code="u">https://login.bibproxy.kau.se:8443/login?url=https://search.ebscohost.com/login.aspx?direct=true&amp;scope=site&amp;db=nlebk&amp;db=nlabk&amp;AN=1939902</marc:subfield><marc:subfield code="z">Online access for KaU</marc:subfield><marc:subfield code="z">EBSCO eBooks</marc:subfield><marc:subfield code="z">fulltext</marc:subfield></marc:datafield><marc:datafield tag="856" ind1="4" ind2="0"><marc:subfield code="5">LiUd</marc:subfield><marc:subfield code="u">https://login.e.bibl.liu.se/login?url=https://ebookcentral.proquest.com/lib/linkoping-ebooks/detail.action?docID=4750790</marc:subfield><marc:subfield code="z">Extern tillgång endast anställda och studenter vid LiU</marc:subfield><marc:subfield code="z">ProQuest Ebook Central - Academic Complete</marc:subfield></marc:datafield><marc:datafield tag="856" ind1="4" ind2="0"><marc:subfield code="5">LnuE</marc:subfield><marc:subfield code="u">http://link.lnu.se/openurl?u.ignore_date_coverage=true&amp;rft.mms_id=997221360003661</marc:subfield><marc:subfield code="z">Online access for Linnaeus University</marc:subfield><marc:subfield code="z">fulltext</marc:subfield><marc:subfield code="z">Ebook Central Academic Complete International Edition</marc:subfield></marc:datafield><marc:datafield tag="856" ind1="4" ind2="0"><marc:subfield code="5">LTUd</marc:subfield><marc:subfield code="u">http://proxy.lib.ltu.se/login?url=https://search.ebscohost.com/login.aspx?direct=true&amp;scope=site&amp;db=e000xww&amp;AN=1939902</marc:subfield><marc:subfield code="z">Online access for LTU</marc:subfield><marc:subfield code="z">eBook Academic Collection (EBSCOhost) - Worldwide</marc:subfield></marc:datafield><marc:datafield tag="856" ind1="4" ind2="0"><marc:subfield code="5">LTUd</marc:subfield><marc:subfield code="u">http://proxy.lib.ltu.se/login?url=https://search.ebscohost.com/login.aspx?direct=true&amp;scope=site&amp;db=nlebk&amp;db=nlabk&amp;AN=1939902</marc:subfield><marc:subfield code="z">Online access for LTU</marc:subfield><marc:subfield code="z">EBSCO eBooks</marc:subfield></marc:datafield><marc:datafield tag="856" ind1="4" ind2="0"><marc:subfield code="5">Maud</marc:subfield><marc:subfield code="u">https://proxy.mau.se/login?url=https://search.ebscohost.com/login.aspx?direct=true&amp;scope=site&amp;db=e000xww&amp;AN=1939902</marc:subfield><marc:subfield code="z">Online access for MAU</marc:subfield><marc:subfield code="z">eBook Academic Collection (EBSCOhost) - Worldwide</marc:subfield><marc:subfield code="z">fulltext</marc:subfield></marc:datafield><marc:datafield tag="856" ind1="4" ind2="0"><marc:subfield code="5">Maud</marc:subfield><marc:subfield code="u">https://proxy.mau.se/login?url=https://search.ebscohost.com/login.aspx?direct=true&amp;scope=site&amp;db=nlebk&amp;db=nlabk&amp;AN=1939902</marc:subfield><marc:subfield code="z">Online access for MAU</marc:subfield><marc:subfield code="z">EBSCO eBooks</marc:subfield><marc:subfield code="z">fulltext</marc:subfield></marc:datafield><marc:datafield tag="856" ind1="4" ind2="0"><marc:subfield code="5">Mdhd</marc:subfield><marc:subfield code="u">https://mdh.primo.exlibrisgroup.com/openurl/46MH_INST/46MH_INST:46MH_V1?u.ignore_date_coverage=true&amp;rft.mms_id=991001237297603211</marc:subfield><marc:subfield code="z">Tillgänglig för användare inom Mälardalens högskola</marc:subfield><marc:subfield code="z">fulltext</marc:subfield><marc:subfield code="z">Ebook Central Academic Complete International Edition</marc:subfield></marc:datafield><marc:datafield tag="856" ind1="4" ind2="0"><marc:subfield code="5">Miun</marc:subfield><marc:subfield code="u">http://sfxeu11.hosted.exlibrisgroup.com/sfxmiu/?url_ver=Z39.88-2004&amp;ctx_ver=Z39.88-2004&amp;ctx_enc=info:ofi/enc:UTF-8&amp;rfr_id=info:sid/sfxit.com:opac_856&amp;url_ctx_fmt=info:ofi/fmt:kev:mtx:ctx&amp;sfx.ignore_date_threshold=1&amp;rft.object_id=3710000000749633&amp;svc_val_fmt=info:ofi/fmt:kev:mtx:sch_svc&amp;</marc:subfield><marc:subfield code="z">Student portal login</marc:subfield><marc:subfield code="z">Ebook Central Academic Complete:Full Text</marc:subfield></marc:datafield><marc:datafield tag="856" ind1="4" ind2="0"><marc:subfield code="5">Odig</marc:subfield><marc:subfield code="u">https://openurl.oru.se?u.ignore_date_coverage=true&amp;rft.mms_id=999614092103663</marc:subfield><marc:subfield code="z">Tillgänglig inom Örebro universitet och externt för studenter och anställda vid universitetet</marc:subfield><marc:subfield code="z">fulltext</marc:subfield><marc:subfield code="z">Ebook Central Perpetual, DDA and Subscription Titles</marc:subfield></marc:datafield><marc:datafield tag="856" ind1="4" ind2="0"><marc:subfield code="5">Pvd</marc:subfield><marc:subfield code="u">https://search.ebscohost.com/login.aspx?direct=true&amp;scope=site&amp;db=e000xww&amp;AN=1939902</marc:subfield><marc:subfield code="z">Tillgänglig på PRV</marc:subfield><marc:subfield code="z">eBook Academic Collection (EBSCOhost) - Worldwide</marc:subfield><marc:subfield code="z">fulltext</marc:subfield></marc:datafield><marc:datafield tag="856" ind1="4" ind2="0"><marc:subfield code="5">Qdig</marc:subfield><marc:subfield code="u">https://search.ub.umu.se/openurl/46UMEA_INST/46UMEA_INST:UmUB?u.ignore_date_coverage=true&amp;rft.mms_id=9921801573804996</marc:subfield><marc:subfield code="z">Online access for UMUB</marc:subfield><marc:subfield code="z">fulltext</marc:subfield><marc:subfield code="z">Ebook Central Academic Complete</marc:subfield></marc:datafield><marc:datafield tag="856" ind1="4" ind2="0"><marc:subfield code="5">ThsE</marc:subfield><marc:subfield code="u">https://ebookcentral.proquest.com/lib/[[SiteID]]/detail.action?docID=4750790</marc:subfield><marc:subfield code="z">Online access for Enskilda Högskolan Stockholm</marc:subfield><marc:subfield code="z">ProQuest Ebook Central - Academic Complete</marc:subfield></marc:datafield><marc:datafield tag="856" ind1="4" ind2="0"><marc:subfield code="5">Udix</marc:subfield><marc:subfield code="u">http://ezproxy.its.uu.se/login?url=https://ebookcentral.proquest.com/lib/uu/detail.action?docID=4750790</marc:subfield><marc:subfield code="z">Tillgänglig för användare inom Uppsala universitet</marc:subfield><marc:subfield code="z">Ebook Central All Subscribed Titles</marc:subfield></marc:datafield></marc:record>