
<marc:record><marc:leader>00891cam a22002177a 4500</marc:leader>
<marc:controlfield tag="001">12497278</marc:controlfield>
<marc:controlfield tag="003">SE-LIBR</marc:controlfield><marc:controlfield tag="005">20120224124337.0</marc:controlfield><marc:controlfield tag="008">120123s2011    enka     b    001 0beng c</marc:controlfield><marc:datafield tag="020" ind1=" " ind2=" "><marc:subfield code="a">0-297-86352-5</marc:subfield></marc:datafield><marc:datafield tag="020" ind1=" " ind2=" "><marc:subfield code="a">978-0-297-86352-6</marc:subfield></marc:datafield><marc:datafield tag="040" ind1=" " ind2=" "><marc:subfield code="a">YDXCP</marc:subfield><marc:subfield code="c">YDXCP</marc:subfield><marc:subfield code="d">UKMGB</marc:subfield><marc:subfield code="d">CDX</marc:subfield><marc:subfield code="d">NIC</marc:subfield><marc:subfield code="d">G</marc:subfield></marc:datafield><marc:datafield tag="050" ind1=" " ind2="4"><marc:subfield code="a">PR6052.A46</marc:subfield><marc:subfield code="b">Z56 2011</marc:subfield></marc:datafield><marc:datafield tag="082" ind1="0" ind2="4"><marc:subfield code="a">823.914</marc:subfield><marc:subfield code="2">22</marc:subfield></marc:datafield><marc:datafield tag="100" ind1="1" ind2=" "><marc:subfield code="a">Baxter, John,</marc:subfield><marc:subfield code="d">1939-</marc:subfield><marc:subfield code="0">259991</marc:subfield><marc:subfield code="1">http://viaf.org/viaf/114972993</marc:subfield><marc:subfield code="4">http://rdaregistry.info/Elements/w/object/P10061</marc:subfield></marc:datafield><marc:datafield tag="240" ind1=" " ind2=" "><marc:subfield code="a">The inner man : the life of J.G. Ballard</marc:subfield><marc:subfield code="1">http://viaf.org/viaf/114972993/theinnerman</marc:subfield></marc:datafield><marc:datafield tag="245" ind1="0" ind2="4"><marc:subfield code="a">The inner man :</marc:subfield><marc:subfield code="b">the life of J.G. Ballard /</marc:subfield><marc:subfield code="c">John Baxter</marc:subfield></marc:datafield><marc:datafield tag="260" ind1=" " ind2=" "><marc:subfield code="a">London :</marc:subfield><marc:subfield code="b">Weidenfeld &amp; Nicolson,</marc:subfield><marc:subfield code="c">2011</marc:subfield></marc:datafield><marc:datafield tag="300" ind1=" " ind2=" "><marc:subfield code="a">377 p., [16] p. of plates :</marc:subfield><marc:subfield code="b">ill. (some col.) ;</marc:subfield><marc:subfield code="c">24 cm.</marc:subfield></marc:datafield><marc:datafield tag="600" ind1="1" ind2="0"><marc:subfield code="a">Ballard, J. G.,</marc:subfield><marc:subfield code="d">1930-2009.</marc:subfield><marc:subfield code="1">http://viaf.org/viaf/9842556</marc:subfield></marc:datafield><marc:datafield tag="650" ind1=" " ind2="0"><marc:subfield code="a">Novelists, English</marc:subfield><marc:subfield code="y">20th century</marc:subfield><marc:subfield code="v">Biography.</marc:subfield></marc:datafield></marc:record>