
<marc:record><marc:leader>02122nam a22002775  4500</marc:leader>
<marc:controlfield tag="001">21089838</marc:controlfield>
<marc:controlfield tag="003">SE-LIBR</marc:controlfield><marc:controlfield tag="005">20170815135622.0</marc:controlfield><marc:controlfield tag="007">cr |||   |||||         </marc:controlfield><marc:controlfield tag="008">170815s2011    xx |||||o|||||000 ||eng|d</marc:controlfield><marc:datafield tag="020" ind1=" " ind2=" "><marc:subfield code="z">1472513037 (print)</marc:subfield></marc:datafield><marc:datafield tag="041" ind1=" " ind2=" "><marc:subfield code="a">eng</marc:subfield></marc:datafield><marc:datafield tag="100" ind1="1" ind2=" "><marc:subfield code="a">Francis, Samuel</marc:subfield><marc:subfield code="4">aut</marc:subfield><marc:subfield code="1">http://viaf.org/viaf/43176679</marc:subfield><marc:subfield code="4">http://rdaregistry.info/Elements/w/object/P10061</marc:subfield></marc:datafield><marc:datafield tag="240" ind1=" " ind2=" "><marc:subfield code="a">The psychological fictions of J. G. Ballard</marc:subfield><marc:subfield code="1">http://viaf.org/viaf/43176679/thepsychologicalfictionsofjgallard</marc:subfield></marc:datafield><marc:datafield tag="245" ind1="1" ind2="4"><marc:subfield code="a">The Psychological Fictions of J.G. Ballard</marc:subfield><marc:subfield code="h">[Elektronisk resurs]</marc:subfield></marc:datafield><marc:datafield tag="264" ind1=" " ind2="1"><marc:subfield code="b">Bloomsbury Publishing,</marc:subfield><marc:subfield code="c">2011</marc:subfield></marc:datafield><marc:datafield tag="336" ind1=" " ind2=" "><marc:subfield code="a">tekst</marc:subfield><marc:subfield code="0">http://rdaregistry.info/termList/RDAContentType/1020</marc:subfield></marc:datafield><marc:datafield tag="337" ind1=" " ind2=" "><marc:subfield code="a">datamaskin</marc:subfield><marc:subfield code="0">http://rdaregistry.info/termList/RDAMediaType/1007</marc:subfield></marc:datafield><marc:datafield tag="338" ind1=" " ind2=" "><marc:subfield code="a">online ressurs</marc:subfield><marc:subfield code="0">http://rdaregistry.info/termList/RDACarrierType/1018</marc:subfield></marc:datafield><marc:datafield tag="380" ind1=" " ind2=" "><marc:subfield code="a">Språkbasert verk</marc:subfield><marc:subfield code="1">https://schema.nb.no/Bibliographic/Values/V1000</marc:subfield></marc:datafield><marc:datafield tag="776" ind1="0" ind2="8"><marc:subfield code="i">Print:</marc:subfield><marc:subfield code="t">The Psychological Fictions of J.G. Ballard</marc:subfield><marc:subfield code="z">1472513037</marc:subfield></marc:datafield><marc:datafield tag="856" ind1="4" ind2="0"><marc:subfield code="5">AlbE</marc:subfield><marc:subfield code="u">https://anna-lindh.primo.exlibrisgroup.com/openurl/46LIBRIS_ALB_INST/46LIBRIS_ALB_INST:46ALB_VU1?u.ignore_date_coverage=true&amp;rft.mms_id=991001028107803631</marc:subfield><marc:subfield code="z">Tillgänglig för användare inom Försvarshögskolan/Anna Lindh-biblioteket</marc:subfield><marc:subfield code="z">fulltext</marc:subfield><marc:subfield code="z">EBSCOhost Ebook Academic Collection</marc:subfield></marc:datafield><marc:datafield tag="856" ind1="4" ind2="0"><marc:subfield code="5">LTUd</marc:subfield><marc:subfield code="u">http://proxy.lib.ltu.se/login?url=https://search.ebscohost.com/login.aspx?direct=true&amp;scope=site&amp;db=e000xww&amp;AN=837520</marc:subfield><marc:subfield code="z">Online access for LTU</marc:subfield><marc:subfield code="z">eBook Academic Collection (EBSCOhost) - Worldwide</marc:subfield></marc:datafield><marc:datafield tag="856" ind1="4" ind2="0"><marc:subfield code="5">LTUd</marc:subfield><marc:subfield code="u">http://proxy.lib.ltu.se/login?url=https://search.ebscohost.com/login.aspx?direct=true&amp;scope=site&amp;db=nlebk&amp;db=nlabk&amp;AN=837520</marc:subfield><marc:subfield code="z">Online access for LTU</marc:subfield><marc:subfield code="z">EBSCO eBooks</marc:subfield></marc:datafield><marc:datafield tag="856" ind1="4" ind2="0"><marc:subfield code="5">Maud</marc:subfield><marc:subfield code="u">https://proxy.mau.se/login?url=http://search.ebscohost.com/login.aspx?direct=true&amp;scope=site&amp;db=e000xww&amp;AN=837520</marc:subfield><marc:subfield code="z">Online access for MAU</marc:subfield><marc:subfield code="z">eBook Academic Collection (EBSCOhost) - Worldwide</marc:subfield><marc:subfield code="z">fulltext</marc:subfield></marc:datafield><marc:datafield tag="856" ind1="4" ind2="0"><marc:subfield code="5">Maud</marc:subfield><marc:subfield code="u">https://proxy.mau.se/login?url=http://search.ebscohost.com/login.aspx?direct=true&amp;scope=site&amp;db=nlebk&amp;db=nlabk&amp;AN=837520</marc:subfield><marc:subfield code="z">Online access for MAU</marc:subfield><marc:subfield code="z">EBSCO eBooks</marc:subfield><marc:subfield code="z">fulltext</marc:subfield></marc:datafield></marc:record>