
<marc:record><marc:leader>01095nam a22002535a 4500</marc:leader>
<marc:controlfield tag="001">21072184</marc:controlfield>
<marc:controlfield tag="003">SE-LIBR</marc:controlfield><marc:controlfield tag="005">20170810100403.0</marc:controlfield><marc:controlfield tag="007">cr |||   |||||         </marc:controlfield><marc:controlfield tag="008">170810s2011    xx |||||o|||||000 0|eng|d</marc:controlfield><marc:datafield tag="020" ind1=" " ind2=" "><marc:subfield code="z">9781441161956 (Print)</marc:subfield></marc:datafield><marc:datafield tag="040" ind1=" " ind2=" "><marc:subfield code="e">a</marc:subfield></marc:datafield><marc:datafield tag="041" ind1=" " ind2=" "><marc:subfield code="a">eng</marc:subfield></marc:datafield><marc:datafield tag="100" ind1="1" ind2=" "><marc:subfield code="a">Francis, Samuel</marc:subfield><marc:subfield code="4">aut</marc:subfield><marc:subfield code="1">http://viaf.org/viaf/43176679</marc:subfield><marc:subfield code="4">http://rdaregistry.info/Elements/w/object/P10061</marc:subfield></marc:datafield><marc:datafield tag="240" ind1=" " ind2=" "><marc:subfield code="a">The psychological fictions of J. G. Ballard</marc:subfield><marc:subfield code="1">http://viaf.org/viaf/43176679/thepsychologicalfictionsofjgallard</marc:subfield></marc:datafield><marc:datafield tag="245" ind1="1" ind2="0"><marc:subfield code="a">Psychological Fictions of J.G. Ballard, The</marc:subfield><marc:subfield code="h">[Elektronisk resurs]</marc:subfield></marc:datafield><marc:datafield tag="264" ind1=" " ind2="1"><marc:subfield code="b">Continuum,</marc:subfield><marc:subfield code="c">2011</marc:subfield></marc:datafield><marc:datafield tag="336" ind1=" " ind2=" "><marc:subfield code="a">tekst</marc:subfield><marc:subfield code="0">http://rdaregistry.info/termList/RDAContentType/1020</marc:subfield></marc:datafield><marc:datafield tag="337" ind1=" " ind2=" "><marc:subfield code="a">datamaskin</marc:subfield><marc:subfield code="0">http://rdaregistry.info/termList/RDAMediaType/1007</marc:subfield></marc:datafield><marc:datafield tag="338" ind1=" " ind2=" "><marc:subfield code="a">online ressurs</marc:subfield><marc:subfield code="0">http://rdaregistry.info/termList/RDACarrierType/1018</marc:subfield></marc:datafield><marc:datafield tag="380" ind1=" " ind2=" "><marc:subfield code="a">Språkbasert verk</marc:subfield><marc:subfield code="1">https://schema.nb.no/Bibliographic/Values/V1000</marc:subfield></marc:datafield><marc:datafield tag="500" ind1=" " ind2=" "><marc:subfield code="a">Book</marc:subfield></marc:datafield><marc:datafield tag="650" ind1=" " ind2="4"><marc:subfield code="a">LITERARY CRITICISM / General</marc:subfield></marc:datafield><marc:datafield tag="776" ind1="0" ind2="8"><marc:subfield code="i">Print</marc:subfield><marc:subfield code="t">Psychological Fictions of J.G. Ballard, The</marc:subfield><marc:subfield code="z">978-1-4411-6195-6</marc:subfield></marc:datafield></marc:record>