
<marc:record><marc:leader>02500cim a22004577a 4500</marc:leader>
<marc:controlfield tag="001">12613369</marc:controlfield>
<marc:controlfield tag="003">SE-LIBR</marc:controlfield><marc:controlfield tag="005">20170512093728.0</marc:controlfield><marc:controlfield tag="007">sd |||||||||||         </marc:controlfield><marc:controlfield tag="008">120302s2004    sw nn||e|||||||   | swe|c</marc:controlfield><marc:datafield tag="024" ind1="7" ind2=" "><marc:subfield code="a">C30572</marc:subfield><marc:subfield code="2">MTM medienummer</marc:subfield></marc:datafield><marc:datafield tag="040" ind1=" " ind2=" "><marc:subfield code="a">Mtm</marc:subfield><marc:subfield code="e">a</marc:subfield></marc:datafield><marc:datafield tag="041" ind1=" " ind2=" "><marc:subfield code="a">swe</marc:subfield></marc:datafield><marc:datafield tag="042" ind1=" " ind2=" "><marc:subfield code="9">Mtm</marc:subfield></marc:datafield><marc:datafield tag="046" ind1=" " ind2=" "><marc:subfield code="a">m</marc:subfield><marc:subfield code="m">20000101</marc:subfield><marc:subfield code="n">20000301</marc:subfield></marc:datafield><marc:datafield tag="082" ind1="0" ind2="4"><marc:subfield code="a">809.3876</marc:subfield><marc:subfield code="2">22 (machine generated)</marc:subfield></marc:datafield><marc:datafield tag="083" ind1="0" ind2=" "><marc:subfield code="a">809.04</marc:subfield><marc:subfield code="2">22 (machine generated)</marc:subfield></marc:datafield><marc:datafield tag="084" ind1=" " ind2=" "><marc:subfield code="a">G.0978</marc:subfield><marc:subfield code="2">kssb/8</marc:subfield></marc:datafield><marc:datafield tag="084" ind1=" " ind2=" "><marc:subfield code="a">G.0978/TC</marc:subfield><marc:subfield code="2">kssb/8</marc:subfield></marc:datafield><marc:datafield tag="084" ind1=" " ind2=" "><marc:subfield code="a">G.5</marc:subfield><marc:subfield code="2">kssb/8</marc:subfield></marc:datafield><marc:datafield tag="084" ind1=" " ind2=" "><marc:subfield code="a">G.5/TC</marc:subfield><marc:subfield code="2">kssb/8</marc:subfield></marc:datafield><marc:datafield tag="100" ind1="1" ind2=" "><marc:subfield code="a">Holmberg, John-Henri</marc:subfield><marc:subfield code="1">http://viaf.org/viaf/30832323</marc:subfield><marc:subfield code="4">http://rdaregistry.info/Elements/w/object/P10061</marc:subfield></marc:datafield><marc:datafield tag="240" ind1=" " ind2=" "><marc:subfield code="a">Inre landskap och yttre rymd</marc:subfield><marc:subfield code="1">http://www.wikidata.org/entity/Q59191181/2</marc:subfield></marc:datafield><marc:datafield tag="245" ind1="1" ind2="0"><marc:subfield code="a">Inre landskap och yttre rymd</marc:subfield><marc:subfield code="h">[Ljudupptagning]</marc:subfield><marc:subfield code="b">science fictions historia</marc:subfield><marc:subfield code="n">2</marc:subfield><marc:subfield code="p">Från J. G. Ballard till Gene Wolfe /</marc:subfield><marc:subfield code="c">John-Henri Holmberg.</marc:subfield></marc:datafield><marc:datafield tag="264" ind1=" " ind2="1"><marc:subfield code="a">Enskede :</marc:subfield><marc:subfield code="b">TPB</marc:subfield></marc:datafield><marc:datafield tag="264" ind1=" " ind2="1"><marc:subfield code="c">2004</marc:subfield></marc:datafield><marc:datafield tag="300" ind1=" " ind2=" "><marc:subfield code="a">D. 2: 1 CD-R (24 tim., 39 min.) : mono</marc:subfield></marc:datafield><marc:datafield tag="336" ind1=" " ind2=" "><marc:subfield code="a">tale</marc:subfield><marc:subfield code="0">http://rdaregistry.info/termList/RDAContentType/1013</marc:subfield></marc:datafield><marc:datafield tag="337" ind1=" " ind2=" "><marc:subfield code="a">lydmedier</marc:subfield><marc:subfield code="0">http://rdaregistry.info/termList/RDAMediaType/1001</marc:subfield></marc:datafield><marc:datafield tag="338" ind1=" " ind2=" "><marc:subfield code="a">dataplate</marc:subfield><marc:subfield code="0">http://rdaregistry.info/termList/RDACarrierType/1013</marc:subfield></marc:datafield><marc:datafield tag="380" ind1=" " ind2=" "><marc:subfield code="a">Språkbasert verk</marc:subfield><marc:subfield code="1">https://schema.nb.no/Bibliographic/Values/V1000</marc:subfield></marc:datafield><marc:datafield tag="500" ind1=" " ind2=" "><marc:subfield code="a">D. 2: 1 CD-R (24 tim., 39 min.) : mono</marc:subfield></marc:datafield><marc:datafield tag="500" ind1=" " ind2=" "><marc:subfield code="a">Digital talbok (DAISY 2.02), ljud</marc:subfield></marc:datafield><marc:datafield tag="500" ind1=" " ind2=" "><marc:subfield code="a">Inläst ur: Lund : Btj, 2003</marc:subfield></marc:datafield><marc:datafield tag="506" ind1="1" ind2=" "><marc:subfield code="a">Tillgänglig för personer med läsnedsättning enligt § 17 Upphovsrättslagen</marc:subfield><marc:subfield code="u">http://www.mtm.se/om-oss/uppdrag-och-lagar/upphovsrattslagen/</marc:subfield></marc:datafield><marc:datafield tag="520" ind1=" " ind2=" "><marc:subfield code="a">Del 2 i förf:s science fiction-historik sträcker sig från 1970-talet fram till sekelskiftet: &quot;Från J. G. Ballard till Gene Wolf&quot;. Drygt halva boken består av en kronologisk genomgång av genrens utveckling under de senaste 30 åren. Andra halvan ägnas åt 52 författarporträtt där även bibliografi ingår. Ett avsnitt om science fiction i Sverige samt mindre texter om andra språkområden än det engelskläsande ingår också. Inläst ur Btj, 2003</marc:subfield></marc:datafield><marc:datafield tag="655" ind1=" " ind2="4"><marc:subfield code="a">DAISY</marc:subfield></marc:datafield><marc:datafield tag="700" ind1="1" ind2=" "><marc:subfield code="a">Ström, Ove</marc:subfield><marc:subfield code="4">nrt</marc:subfield></marc:datafield><marc:datafield tag="776" ind1="0" ind2="8"><marc:subfield code="i">Inläst ur</marc:subfield><marc:subfield code="t">Inre landskap och yttre rymd</marc:subfield></marc:datafield><marc:datafield tag="800" ind1=" " ind2=" "><marc:subfield code="a">Holmberg, John-Henri</marc:subfield><marc:subfield code="t">Inre landskap och yttre rymd</marc:subfield><marc:subfield code="1">http://www.wikidata.org/entity/Q59191181</marc:subfield></marc:datafield><marc:datafield tag="856" ind1="4" ind2="0"><marc:subfield code="5">Mtm</marc:subfield><marc:subfield code="u">http://www.legimus.se/work/redirect?MedieNr=C30572</marc:subfield><marc:subfield code="z">Ladda ner. Tillgänglig för personer med läsnedsättning enligt § 17 Upphovsrättslagen</marc:subfield></marc:datafield></marc:record>