
<marc:record><marc:leader>00565caa a22001697a 4500</marc:leader>
<marc:controlfield tag="001">12281861</marc:controlfield>
<marc:controlfield tag="003">SE-LIBR</marc:controlfield><marc:controlfield tag="005">20110815095804.0</marc:controlfield><marc:controlfield tag="008">110815s1987    sw ||||      |00| ||swe c</marc:controlfield><marc:datafield tag="040" ind1=" " ind2=" "><marc:subfield code="a">Sfi</marc:subfield></marc:datafield><marc:datafield tag="042" ind1=" " ind2=" "><marc:subfield code="9">SFIB</marc:subfield></marc:datafield><marc:datafield tag="100" ind1="1" ind2=" "><marc:subfield code="a">Nordlund, Solveig</marc:subfield></marc:datafield><marc:datafield tag="245" ind1="1" ind2="0"><marc:subfield code="a">Krigets Robinson:</marc:subfield><marc:subfield code="b">om J G. Ballard och &quot;Solens rike&quot; /</marc:subfield><marc:subfield code="c">Solveig Nordlund</marc:subfield></marc:datafield><marc:datafield tag="630" ind1="0" ind2="4"><marc:subfield code="a">Empire of the sun (US, Steven Spielberg, 1987)</marc:subfield></marc:datafield><marc:datafield tag="630" ind1="1" ind2="0"><marc:subfield code="a">Empire of the sun</marc:subfield><marc:subfield code="1">http://viaf.org/viaf/293611582</marc:subfield></marc:datafield><marc:datafield tag="650" ind1=" " ind2="7"><marc:subfield code="a">Adaptation fill film</marc:subfield><marc:subfield code="2">sfit</marc:subfield></marc:datafield><marc:datafield tag="773" ind1="0" ind2=" "><marc:subfield code="t">Chaplin</marc:subfield><marc:subfield code="x">0045-6349</marc:subfield><marc:subfield code="w">3432521</marc:subfield><marc:subfield code="g">29(1987):6 (=nr.213), s. 287: ill.</marc:subfield></marc:datafield></marc:record>