
<marc:record><marc:leader>00882nam a22001575  4500</marc:leader>
<marc:controlfield tag="001">16586361</marc:controlfield>
<marc:controlfield tag="003">SE-LIBR</marc:controlfield><marc:controlfield tag="005">20140610125725.0</marc:controlfield><marc:controlfield tag="007">cr |||   |||||         </marc:controlfield><marc:controlfield tag="008">140610s2013    xx |||||o|||||000 ||eng|d</marc:controlfield><marc:datafield tag="020" ind1=" " ind2=" "><marc:subfield code="z">8866331287 (print)</marc:subfield></marc:datafield><marc:datafield tag="041" ind1=" " ind2=" "><marc:subfield code="a">eng</marc:subfield></marc:datafield><marc:datafield tag="245" ind1="1" ind2="0"><marc:subfield code="a">Là dove finisce la città : riflessioni sull'opera di J.G. Ballard</marc:subfield><marc:subfield code="h">[Elektronisk resurs]</marc:subfield></marc:datafield><marc:datafield tag="264" ind1=" " ind2="1"><marc:subfield code="b">Clueb,</marc:subfield><marc:subfield code="c">2013</marc:subfield></marc:datafield><marc:datafield tag="776" ind1="0" ind2="8"><marc:subfield code="i">Print:</marc:subfield><marc:subfield code="t">Là dove finisce la città : riflessioni sull'opera di J.G. Ballard</marc:subfield><marc:subfield code="z">8866331287</marc:subfield></marc:datafield><marc:datafield tag="856" ind1="4" ind2="0"><marc:subfield code="5">Hdig</marc:subfield><marc:subfield code="u">http://link.sub.su.se/sfxsub?url_ver=Z39.88-2004&amp;ctx_ver=Z39.88-2004&amp;ctx_enc=info:ofi/enc:UTF-8&amp;rfr_id=info:sid/sfxit.com:opac_856&amp;url_ctx_fmt=info:ofi/fmt:kev:mtx:ctx&amp;sfx.ignore_date_threshold=1&amp;rft.object_id=3790000000000670&amp;svc_val_fmt=info:ofi/fmt:kev:mtx:sch_svc&amp;</marc:subfield><marc:subfield code="z">Tillgänglig för användare inom Stockholms universitet</marc:subfield><marc:subfield code="z">Casalini Torrossa Monographs &amp; Proceedings:Full Text</marc:subfield></marc:datafield></marc:record>