
<marc:record><marc:leader>03513cam a22005777i 4500</marc:leader>
<marc:controlfield tag="001">crljq0xm9x9q0r5z</marc:controlfield>
<marc:controlfield tag="003">SE-LIBR</marc:controlfield><marc:controlfield tag="005">20210701090503.0</marc:controlfield><marc:controlfield tag="008">210701s2014    gw |||||||||||000 0|eng|d</marc:controlfield><marc:datafield tag="020" ind1=" " ind2=" "><marc:subfield code="a">3837622029</marc:subfield><marc:subfield code="q">print</marc:subfield></marc:datafield><marc:datafield tag="020" ind1=" " ind2=" "><marc:subfield code="a">9783837622027</marc:subfield><marc:subfield code="q">print</marc:subfield></marc:datafield><marc:datafield tag="020" ind1=" " ind2=" "><marc:subfield code="z">9783839422021 (pdf)</marc:subfield></marc:datafield><marc:datafield tag="040" ind1=" " ind2=" "><marc:subfield code="a">Lsol</marc:subfield><marc:subfield code="b">eng</marc:subfield><marc:subfield code="c">EEM</marc:subfield><marc:subfield code="d">OCLCO</marc:subfield><marc:subfield code="d">OCLCA</marc:subfield><marc:subfield code="d">PAU</marc:subfield><marc:subfield code="d">OCL</marc:subfield><marc:subfield code="d">OCLCO</marc:subfield><marc:subfield code="d">OCLCA</marc:subfield><marc:subfield code="d">Lsol</marc:subfield><marc:subfield code="e">i</marc:subfield><marc:subfield code="e">rda</marc:subfield></marc:datafield><marc:datafield tag="041" ind1=" " ind2=" "><marc:subfield code="a">eng</marc:subfield></marc:datafield><marc:datafield tag="082" ind1="0" ind2="4"><marc:subfield code="a">823.009/36</marc:subfield><marc:subfield code="2">23</marc:subfield></marc:datafield><marc:datafield tag="100" ind1="1" ind2=" "><marc:subfield code="a">Mieszkowski, Sylvia</marc:subfield><marc:subfield code="4">aut</marc:subfield></marc:datafield><marc:datafield tag="245" ind1="1" ind2="0"><marc:subfield code="a">Resonant alterities :</marc:subfield><marc:subfield code="b">sound, desire and anxiety in non-realist fiction /</marc:subfield><marc:subfield code="c">Sylvia Mieszkowski.</marc:subfield></marc:datafield><marc:datafield tag="264" ind1=" " ind2="1"><marc:subfield code="a">Bielefeld :</marc:subfield><marc:subfield code="b">Transcript,</marc:subfield><marc:subfield code="c">[2014]</marc:subfield></marc:datafield><marc:datafield tag="264" ind1=" " ind2="4"><marc:subfield code="c">©2014</marc:subfield></marc:datafield><marc:datafield tag="300" ind1=" " ind2=" "><marc:subfield code="a">402 pages</marc:subfield><marc:subfield code="c">23 cm</marc:subfield></marc:datafield><marc:datafield tag="336" ind1=" " ind2=" "><marc:subfield code="a">text</marc:subfield><marc:subfield code="b">txt</marc:subfield><marc:subfield code="2">rdacontent</marc:subfield></marc:datafield><marc:datafield tag="337" ind1=" " ind2=" "><marc:subfield code="a">unmediated</marc:subfield><marc:subfield code="b">n</marc:subfield><marc:subfield code="2">rdamedia</marc:subfield></marc:datafield><marc:datafield tag="338" ind1=" " ind2=" "><marc:subfield code="a">volume</marc:subfield><marc:subfield code="b">nc</marc:subfield><marc:subfield code="2">rdacarrier</marc:subfield></marc:datafield><marc:datafield tag="490" ind1="1" ind2=" "><marc:subfield code="a">Cultural and media studies</marc:subfield></marc:datafield><marc:datafield tag="504" ind1=" " ind2=" "><marc:subfield code="a">Includes bibliographical references.</marc:subfield></marc:datafield><marc:datafield tag="505" ind1="8" ind2=" "><marc:subfield code="a">Acknowledgements -- Introduction -- Haunted by Sound: Vernon Lee, &quot;A Wicked Voice&quot; -- Sound is Power: Algernon Blackwood, The Human Chord -- Noise, Silence and Oedipus: J.G. -- Ballard, &quot;The Sound Sweep&quot; -- Air To Sounds, Sounds To Words: Don DeLillo, The Body Artist -- Conclusion -- Bibliography</marc:subfield></marc:datafield><marc:datafield tag="520" ind1=" " ind2=" "><marc:subfield code="a">»Resonant Alterities« bridges the gap between sound studies and literary criticism. A queer ghost story by Vernon Lee, an occultist novel of psychic adventure by Algernon Blackwood, a dystopian science fiction tale by J.G. Ballard and a post-traumatic short novel by Don DeLillo are its primary objects of analysis. Each is explored within the context of its contemporary cultural debates on sound. Meanwhile, all four theory-enriched readings focus on intersecting and desire-laden processes of meaning making, knowledge production and subject formation. Focal points are aurally/audio-visually structured phenomena expressive of both collective and individual anxieties.</marc:subfield></marc:datafield><marc:datafield tag="600" ind1="1" ind2="0"><marc:subfield code="a">Ballard, J. G.,</marc:subfield><marc:subfield code="d">1930-2009</marc:subfield><marc:subfield code="x">Criticism and interpretation.</marc:subfield><marc:subfield code="1">http://viaf.org/viaf/9842556</marc:subfield></marc:datafield><marc:datafield tag="600" ind1="1" ind2="0"><marc:subfield code="a">Blackwood, Algernon,</marc:subfield><marc:subfield code="d">1869-1951</marc:subfield><marc:subfield code="x">Criticism and interpretation.</marc:subfield></marc:datafield><marc:datafield tag="600" ind1="1" ind2="0"><marc:subfield code="a">DeLillo, Don</marc:subfield><marc:subfield code="x">Criticism and interpretation.</marc:subfield></marc:datafield><marc:datafield tag="600" ind1="1" ind2="0"><marc:subfield code="a">Lee, Vernon,</marc:subfield><marc:subfield code="d">1856-1935</marc:subfield><marc:subfield code="x">Criticism and interpretation.</marc:subfield></marc:datafield><marc:datafield tag="600" ind1="1" ind2="4"><marc:subfield code="a">Ballard, J. G.,</marc:subfield><marc:subfield code="d">1930-2009</marc:subfield><marc:subfield code="0">https://libris.kb.se/dbqssg6x38zr5cn#it</marc:subfield><marc:subfield code="1">http://viaf.org/viaf/9842556</marc:subfield></marc:datafield><marc:datafield tag="600" ind1="1" ind2="4"><marc:subfield code="a">DeLillo, Don,</marc:subfield><marc:subfield code="d">1936-</marc:subfield><marc:subfield code="0">https://libris.kb.se/53hkldbp3t4pbj2#it</marc:subfield></marc:datafield><marc:datafield tag="600" ind1="1" ind2="4"><marc:subfield code="a">Lee, Vernon,</marc:subfield><marc:subfield code="d">1856-1935</marc:subfield><marc:subfield code="0">https://libris.kb.se/b8nqs8rv5700gkz#it</marc:subfield></marc:datafield><marc:datafield tag="600" ind1="1" ind2="7"><marc:subfield code="a">Blackwood, Algernon,</marc:subfield><marc:subfield code="d">1869-1951</marc:subfield><marc:subfield code="2">fast</marc:subfield></marc:datafield><marc:datafield tag="648" ind1=" " ind2="7"><marc:subfield code="a">1900-talet</marc:subfield><marc:subfield code="0">https://id.kb.se/term/sao/1900-talet</marc:subfield><marc:subfield code="2">sao</marc:subfield></marc:datafield><marc:datafield tag="650" ind1=" " ind2="0"><marc:subfield code="a">American fiction</marc:subfield><marc:subfield code="x">History and criticism.</marc:subfield></marc:datafield><marc:datafield tag="650" ind1=" " ind2="0"><marc:subfield code="a">Anxiety in literature</marc:subfield></marc:datafield><marc:datafield tag="650" ind1=" " ind2="0"><marc:subfield code="a">Criticism</marc:subfield></marc:datafield><marc:datafield tag="650" ind1=" " ind2="0"><marc:subfield code="a">English fiction</marc:subfield><marc:subfield code="x">History and criticism.</marc:subfield></marc:datafield><marc:datafield tag="650" ind1=" " ind2="0"><marc:subfield code="a">Literature</marc:subfield><marc:subfield code="x">Theory, etc.</marc:subfield></marc:datafield><marc:datafield tag="650" ind1=" " ind2="0"><marc:subfield code="a">Senses and sensation in literature.</marc:subfield></marc:datafield><marc:datafield tag="650" ind1=" " ind2="0"><marc:subfield code="a">Sound in literature</marc:subfield></marc:datafield><marc:datafield tag="650" ind1=" " ind2="0"><marc:subfield code="a">Sound in literature.</marc:subfield></marc:datafield><marc:datafield tag="650" ind1=" " ind2="7"><marc:subfield code="a">Amerikansk litteratur</marc:subfield><marc:subfield code="x">historia</marc:subfield><marc:subfield code="0">https://id.kb.se/term/sao/Amerikansk%20litteratur--historia</marc:subfield><marc:subfield code="2">sao</marc:subfield></marc:datafield><marc:datafield tag="650" ind1=" " ind2="7"><marc:subfield code="a">Ångest i litteraturen</marc:subfield><marc:subfield code="0">https://id.kb.se/term/sao/%C3%85ngest%20i%20litteraturen</marc:subfield><marc:subfield code="2">sao</marc:subfield></marc:datafield><marc:datafield tag="650" ind1=" " ind2="7"><marc:subfield code="a">Anxiety in literature.</marc:subfield><marc:subfield code="2">fast</marc:subfield></marc:datafield><marc:datafield tag="650" ind1=" " ind2="7"><marc:subfield code="a">Engelsk litteratur</marc:subfield><marc:subfield code="x">historia</marc:subfield><marc:subfield code="0">https://id.kb.se/term/sao/Engelsk%20litteratur--historia</marc:subfield><marc:subfield code="2">sao</marc:subfield></marc:datafield><marc:datafield tag="650" ind1=" " ind2="7"><marc:subfield code="a">Litteraturkritik</marc:subfield><marc:subfield code="0">https://id.kb.se/term/sao/Litteraturkritik</marc:subfield><marc:subfield code="2">sao</marc:subfield></marc:datafield><marc:datafield tag="650" ind1=" " ind2="7"><marc:subfield code="a">Ljud i litteraturen</marc:subfield><marc:subfield code="0">https://id.kb.se/term/sao/Ljud%20i%20litteraturen</marc:subfield><marc:subfield code="2">sao</marc:subfield></marc:datafield><marc:datafield tag="830" ind1=" " ind2="0"><marc:subfield code="a">Cultural and media studies</marc:subfield></marc:datafield></marc:record>