
<marc:record><marc:leader>02033cam a22003137a 4500</marc:leader>
<marc:controlfield tag="001">12192053</marc:controlfield>
<marc:controlfield tag="003">SE-LIBR</marc:controlfield><marc:controlfield tag="005">20110616124337.0</marc:controlfield><marc:controlfield tag="008">110523s2009    xxk      b    000 0 eng c</marc:controlfield><marc:datafield tag="020" ind1=" " ind2=" "><marc:subfield code="a">0754662675</marc:subfield></marc:datafield><marc:datafield tag="020" ind1=" " ind2=" "><marc:subfield code="a">9780754662679</marc:subfield></marc:datafield><marc:datafield tag="040" ind1=" " ind2=" "><marc:subfield code="a">NLGGC</marc:subfield><marc:subfield code="b">dut</marc:subfield><marc:subfield code="c">NLGGC</marc:subfield><marc:subfield code="e">fobidrtb</marc:subfield><marc:subfield code="d">OKU</marc:subfield><marc:subfield code="d">Uh</marc:subfield></marc:datafield><marc:datafield tag="050" ind1=" " ind2="0"><marc:subfield code="a">PR6052.A46</marc:subfield><marc:subfield code="b">Z57 2009</marc:subfield></marc:datafield><marc:datafield tag="082" ind1="0" ind2=" "><marc:subfield code="a">823.914</marc:subfield><marc:subfield code="2">22</marc:subfield></marc:datafield><marc:datafield tag="084" ind1=" " ind2=" "><marc:subfield code="a">Ge</marc:subfield><marc:subfield code="2">kssb/8</marc:subfield></marc:datafield><marc:datafield tag="100" ind1="1" ind2=" "><marc:subfield code="a">Baxter, Jeannette</marc:subfield><marc:subfield code="1">http://viaf.org/viaf/11777409</marc:subfield><marc:subfield code="4">http://rdaregistry.info/Elements/w/object/P10061</marc:subfield></marc:datafield><marc:datafield tag="240" ind1=" " ind2=" "><marc:subfield code="a">J. G. Ballard's surrealist imagination</marc:subfield><marc:subfield code="1">http://viaf.org/viaf/11777409/jgballardssurrealstimagination </marc:subfield></marc:datafield><marc:datafield tag="245" ind1="1" ind2="0"><marc:subfield code="a">J. G. Ballard's surrealist imagination :</marc:subfield><marc:subfield code="b">spectacular authorship /</marc:subfield><marc:subfield code="c">Jeannette Baxter</marc:subfield></marc:datafield><marc:datafield tag="260" ind1=" " ind2=" "><marc:subfield code="a">Farnham ;</marc:subfield><marc:subfield code="a">Burlington :</marc:subfield><marc:subfield code="b">Ashgate,</marc:subfield><marc:subfield code="c">cop. 2009</marc:subfield></marc:datafield><marc:datafield tag="300" ind1=" " ind2=" "><marc:subfield code="a">xi, 243 s. :</marc:subfield><marc:subfield code="b">ill. ;</marc:subfield><marc:subfield code="c">25 cm.</marc:subfield></marc:datafield><marc:datafield tag="504" ind1=" " ind2=" "><marc:subfield code="a">Includes bibliographical references (p. [223]-237) and index.</marc:subfield></marc:datafield><marc:datafield tag="505" ind1="0" ind2=" "><marc:subfield code="a">Mapping a surrealist historiography : recontextualising The drowned world and The crystal world -- Reading The atrocity exhibition : a history of forms -- Radical surrealism : performance, photography and history in Crash -- Convulsive autobiography : negotiating history, memory and fiction in Empire of the sun and The kindness of women -- The surrealist Fait divers : uncovering violent histories in Running wild, Cocaine nights, Super-Cannes and Millennium people.</marc:subfield></marc:datafield><marc:datafield tag="520" ind1=" " ind2=" "><marc:subfield code="a">Suggesting that J.G. Ballard's fiction must be read within the framework of surrealism, the author argues for a radical revisioning of Ballard that takes account of the political and ethical dimensions of his work. A different portrait then emerges, one with implications for our understanding of post-war history and culture.</marc:subfield></marc:datafield><marc:datafield tag="600" ind1="1" ind2="4"><marc:subfield code="a">Ballard, J. G.,</marc:subfield><marc:subfield code="d">1930-2009</marc:subfield><marc:subfield code="0">176668</marc:subfield><marc:subfield code="1">http://viaf.org/viaf/9842556</marc:subfield></marc:datafield><marc:datafield tag="650" ind1=" " ind2="0"><marc:subfield code="a">Science fiction, English</marc:subfield><marc:subfield code="x">History and criticism.</marc:subfield></marc:datafield><marc:datafield tag="650" ind1=" " ind2="0"><marc:subfield code="a">Surrealism (Literature)</marc:subfield></marc:datafield><marc:datafield tag="650" ind1=" " ind2="0"><marc:subfield code="a">Surrealism (Literature)</marc:subfield></marc:datafield><marc:datafield tag="650" ind1=" " ind2="7"><marc:subfield code="a">Engelsk litteratur</marc:subfield><marc:subfield code="v">science fiction</marc:subfield><marc:subfield code="2">sao</marc:subfield></marc:datafield><marc:datafield tag="650" ind1=" " ind2="7"><marc:subfield code="a">Surrealism (litteratur)</marc:subfield><marc:subfield code="2">sao</marc:subfield><marc:subfield code="0">163347</marc:subfield></marc:datafield></marc:record>