
<marc:record><marc:leader>01969cam a22004577i 4500</marc:leader>
<marc:controlfield tag="001">hwzxv5dpfmtmj2w5</marc:controlfield>
<marc:controlfield tag="003">SE-LIBR</marc:controlfield><marc:controlfield tag="005">20210831162157.0</marc:controlfield><marc:controlfield tag="008">210831s2018    xxk|||||||||||000 f|eng|c</marc:controlfield><marc:datafield tag="020" ind1=" " ind2=" "><marc:subfield code="a">9780995455078</marc:subfield><marc:subfield code="q">häftad</marc:subfield></marc:datafield><marc:datafield tag="040" ind1=" " ind2=" "><marc:subfield code="a">Btj</marc:subfield><marc:subfield code="b">swe</marc:subfield><marc:subfield code="e">i</marc:subfield><marc:subfield code="e">rda</marc:subfield></marc:datafield><marc:datafield tag="041" ind1=" " ind2=" "><marc:subfield code="a">eng</marc:subfield></marc:datafield><marc:datafield tag="082" ind1="0" ind2="4"><marc:subfield code="a">823.92</marc:subfield><marc:subfield code="2">23/swe</marc:subfield></marc:datafield><marc:datafield tag="084" ind1=" " ind2=" "><marc:subfield code="a">He.01</marc:subfield><marc:subfield code="2">kssb/8</marc:subfield></marc:datafield><marc:datafield tag="100" ind1="1" ind2=" "><marc:subfield code="a">Sellars, Simon</marc:subfield><marc:subfield code="4">aut</marc:subfield><marc:subfield code="1">http://viaf.org/viaf/58855728</marc:subfield><marc:subfield code="4">http://rdaregistry.info/Elements/w/object/P10061</marc:subfield></marc:datafield><marc:datafield tag="240" ind1=" " ind2=" "><marc:subfield code="a">Applied Ballardianism : memoir from a parallel universe</marc:subfield><marc:subfield code="1">http://viaf.org/viaf/58855728/appliedballardianism</marc:subfield></marc:datafield><marc:datafield tag="245" ind1="1" ind2="0"><marc:subfield code="a">Applied Ballardianism :</marc:subfield><marc:subfield code="b">memoir from a parallel universe /</marc:subfield><marc:subfield code="c">Simon Sellars.</marc:subfield></marc:datafield><marc:datafield tag="264" ind1=" " ind2="1"><marc:subfield code="a">Falmouth :</marc:subfield><marc:subfield code="b">Urbanomic,</marc:subfield><marc:subfield code="c">2018</marc:subfield></marc:datafield><marc:datafield tag="300" ind1=" " ind2=" "><marc:subfield code="a">392 sidor</marc:subfield></marc:datafield><marc:datafield tag="336" ind1=" " ind2=" "><marc:subfield code="a">text</marc:subfield><marc:subfield code="b">txt</marc:subfield><marc:subfield code="2">rdacontent</marc:subfield></marc:datafield><marc:datafield tag="337" ind1=" " ind2=" "><marc:subfield code="a">unmediated</marc:subfield><marc:subfield code="b">n</marc:subfield><marc:subfield code="2">rdamedia</marc:subfield></marc:datafield><marc:datafield tag="338" ind1=" " ind2=" "><marc:subfield code="a">volume</marc:subfield><marc:subfield code="b">nc</marc:subfield><marc:subfield code="2">rdacarrier</marc:subfield></marc:datafield><marc:datafield tag="490" ind1="0" ind2=" "><marc:subfield code="a">K-pulp : new adventures in theory-fiction</marc:subfield></marc:datafield><marc:datafield tag="600" ind1="1" ind2="4"><marc:subfield code="a">Ballard, J. G.,</marc:subfield><marc:subfield code="d">1930-2009</marc:subfield><marc:subfield code="0">https://libris.kb.se/dbqssg6x38zr5cn#it</marc:subfield><marc:subfield code="1">http://viaf.org/viaf/9842556</marc:subfield></marc:datafield><marc:datafield tag="600" ind1="1" ind2="4"><marc:subfield code="a">Sellars, Simon</marc:subfield></marc:datafield><marc:datafield tag="650" ind1=" " ind2="0"><marc:subfield code="a">Biography</marc:subfield></marc:datafield><marc:datafield tag="650" ind1=" " ind2="0"><marc:subfield code="a">Life change events</marc:subfield></marc:datafield><marc:datafield tag="650" ind1=" " ind2="0"><marc:subfield code="a">Literary historians</marc:subfield></marc:datafield><marc:datafield tag="650" ind1=" " ind2="0"><marc:subfield code="a">Mental health</marc:subfield></marc:datafield><marc:datafield tag="650" ind1=" " ind2="0"><marc:subfield code="a">Philosophy</marc:subfield></marc:datafield><marc:datafield tag="650" ind1=" " ind2="0"><marc:subfield code="a">Voyages and travels</marc:subfield></marc:datafield><marc:datafield tag="650" ind1=" " ind2="7"><marc:subfield code="a">Biografier</marc:subfield><marc:subfield code="0">https://id.kb.se/term/sao/Biografier</marc:subfield><marc:subfield code="2">sao</marc:subfield></marc:datafield><marc:datafield tag="650" ind1=" " ind2="7"><marc:subfield code="a">Filosofi</marc:subfield><marc:subfield code="0">https://id.kb.se/term/sao/Filosofi</marc:subfield><marc:subfield code="2">sao</marc:subfield></marc:datafield><marc:datafield tag="650" ind1=" " ind2="7"><marc:subfield code="a">Litteraturvetare</marc:subfield><marc:subfield code="0">https://id.kb.se/term/sao/Litteraturvetare</marc:subfield><marc:subfield code="2">sao</marc:subfield></marc:datafield><marc:datafield tag="650" ind1=" " ind2="7"><marc:subfield code="a">Livshändelser</marc:subfield><marc:subfield code="0">https://id.kb.se/term/sao/Livsh%C3%A4ndelser</marc:subfield><marc:subfield code="2">sao</marc:subfield></marc:datafield><marc:datafield tag="650" ind1=" " ind2="7"><marc:subfield code="a">Psykisk hälsa</marc:subfield><marc:subfield code="0">https://id.kb.se/term/sao/Psykisk%20h%C3%A4lsa</marc:subfield><marc:subfield code="2">sao</marc:subfield></marc:datafield><marc:datafield tag="650" ind1=" " ind2="7"><marc:subfield code="a">Resor</marc:subfield><marc:subfield code="0">https://id.kb.se/term/sao/Resor</marc:subfield><marc:subfield code="2">sao</marc:subfield></marc:datafield><marc:datafield tag="655" ind1=" " ind2="7"><marc:subfield code="a">Romaner</marc:subfield><marc:subfield code="0">https://id.kb.se/term/saogf/Romaner</marc:subfield><marc:subfield code="2">saogf</marc:subfield></marc:datafield><marc:datafield tag="655" ind1=" " ind2="7"><marc:subfield code="a">Science fiction</marc:subfield><marc:subfield code="0">https://id.kb.se/term/saogf/Science%20fiction</marc:subfield><marc:subfield code="2">saogf</marc:subfield></marc:datafield><marc:datafield tag="655" ind1=" " ind2="7"><marc:subfield code="a">Självbiografiska skildringar</marc:subfield><marc:subfield code="0">https://id.kb.se/term/saogf/Sj%C3%A4lvbiografiska%20skildringar</marc:subfield><marc:subfield code="2">saogf</marc:subfield></marc:datafield><marc:datafield tag="866" ind1=" " ind2=" "><marc:subfield code="5">Btj</marc:subfield><marc:subfield code="a">IGN</marc:subfield><marc:subfield code="x">371</marc:subfield></marc:datafield></marc:record>