
<marc:record><marc:leader>01147nam a2200277 c 4500</marc:leader>
<marc:controlfield tag="001">455603758</marc:controlfield>
<marc:controlfield tag="003">DE-101</marc:controlfield><marc:controlfield tag="005">20171202195812.0</marc:controlfield><marc:controlfield tag="007">tu</marc:controlfield><marc:controlfield tag="008">941115s1968    gw ||||| |||| 00||||ger  </marc:controlfield><marc:datafield tag="016" ind1="7" ind2=" "><marc:subfield code="2">DE-101</marc:subfield><marc:subfield code="a">455603758</marc:subfield></marc:datafield><marc:datafield tag="020" ind1=" " ind2=" "><marc:subfield code="c">kart. : 2.80</marc:subfield></marc:datafield><marc:datafield tag="040" ind1=" " ind2=" "><marc:subfield code="a">1200</marc:subfield><marc:subfield code="b">ger</marc:subfield><marc:subfield code="c">DE-101</marc:subfield><marc:subfield code="d">9999</marc:subfield></marc:datafield><marc:datafield tag="041" ind1=" " ind2=" "><marc:subfield code="a">ger</marc:subfield></marc:datafield><marc:datafield tag="044" ind1=" " ind2=" "><marc:subfield code="c">XA-DE</marc:subfield></marc:datafield><marc:datafield tag="084" ind1=" " ind2=" "><marc:subfield code="a">59</marc:subfield><marc:subfield code="a">810</marc:subfield><marc:subfield code="a">820</marc:subfield><marc:subfield code="a">830</marc:subfield><marc:subfield code="a">839</marc:subfield><marc:subfield code="a">840</marc:subfield><marc:subfield code="a">850</marc:subfield><marc:subfield code="a">860</marc:subfield><marc:subfield code="a">870</marc:subfield><marc:subfield code="a">880</marc:subfield><marc:subfield code="a">890</marc:subfield><marc:subfield code="a">B</marc:subfield><marc:subfield code="q">DE-101</marc:subfield><marc:subfield code="2">sdnb</marc:subfield></marc:datafield><marc:datafield tag="100" ind1="1" ind2=" "><marc:subfield code="0">(DE-588)118656929</marc:subfield><marc:subfield code="0">https://d-nb.info/gnd/118656929</marc:subfield><marc:subfield code="0">(DE-101)118656929</marc:subfield><marc:subfield code="a">Ballard, J. G.</marc:subfield><marc:subfield code="d">1930-2009</marc:subfield><marc:subfield code="e">Verfasser</marc:subfield><marc:subfield code="4">aut</marc:subfield><marc:subfield code="2">gnd</marc:subfield><marc:subfield code="1">http://viaf.org/viaf/9842556</marc:subfield><marc:subfield code="4">http://rdaregistry.info/Elements/w/object/P10061</marc:subfield></marc:datafield><marc:datafield tag="245" ind1="1" ind2="0"><marc:subfield code="a">Welt in Flammen</marc:subfield><marc:subfield code="b">Utop. Roman</marc:subfield><marc:subfield code="c">J. G. Ballard. [Aus d. Amerikan. Dt. Übers. von H. Bergner]</marc:subfield></marc:datafield><marc:datafield tag="264" ind1=" " ind2="1"><marc:subfield code="a">München</marc:subfield><marc:subfield code="b">Heyne</marc:subfield><marc:subfield code="c">1968</marc:subfield></marc:datafield><marc:datafield tag="300" ind1=" " ind2=" "><marc:subfield code="a">174 S.</marc:subfield><marc:subfield code="c">kl. 8</marc:subfield></marc:datafield><marc:datafield tag="336" ind1=" " ind2=" "><marc:subfield code="a">Text</marc:subfield><marc:subfield code="b">txt</marc:subfield><marc:subfield code="2">rdacontent</marc:subfield></marc:datafield><marc:datafield tag="337" ind1=" " ind2=" "><marc:subfield code="a">ohne Hilfsmittel zu benutzen</marc:subfield><marc:subfield code="b">n</marc:subfield><marc:subfield code="2">rdamedia</marc:subfield></marc:datafield><marc:datafield tag="338" ind1=" " ind2=" "><marc:subfield code="a">Band</marc:subfield><marc:subfield code="b">nc</marc:subfield><marc:subfield code="2">rdacarrier</marc:subfield></marc:datafield><marc:datafield tag="490" ind1="1" ind2=" "><marc:subfield code="a">Heyne-Bücher</marc:subfield><marc:subfield code="v">Nr. 3114 : Science Fiction</marc:subfield></marc:datafield><marc:datafield tag="700" ind1="1" ind2="2"><marc:subfield code="a">Ballard, J. G.</marc:subfield><marc:subfield code="d">1930-2009</marc:subfield><marc:subfield code="2">gnd</marc:subfield><marc:subfield code="t">The burning world</marc:subfield><marc:subfield code="g">dt.</marc:subfield><marc:subfield code="1">http://viaf.org/viaf/308000706</marc:subfield></marc:datafield><marc:datafield tag="830" ind1=" " ind2="0"><marc:subfield code="a">Heyne-Bücher</marc:subfield><marc:subfield code="v">Nr. 3114 : Science Fiction</marc:subfield><marc:subfield code="9">43114</marc:subfield></marc:datafield></marc:record>