
<marc:record><marc:leader>00884njm a2200265 c 4500</marc:leader>
<marc:controlfield tag="001">1236595602</marc:controlfield>
<marc:controlfield tag="003">DE-101</marc:controlfield><marc:controlfield tag="005">20210908222147.0</marc:controlfield><marc:controlfield tag="007">s|||||||||||||</marc:controlfield><marc:controlfield tag="008">210706s2021    gw ||||| |||||||||||zxx  </marc:controlfield><marc:datafield tag="015" ind1=" " ind2=" "><marc:subfield code="a">21,T09</marc:subfield><marc:subfield code="2">dnb</marc:subfield></marc:datafield><marc:datafield tag="016" ind1="7" ind2=" "><marc:subfield code="2">DE-101</marc:subfield><marc:subfield code="a">1236595602</marc:subfield></marc:datafield><marc:datafield tag="028" ind1="3" ind2="2"><marc:subfield code="a">aatp85</marc:subfield></marc:datafield><marc:datafield tag="028" ind1="3" ind2="2"><marc:subfield code="a">cure.24</marc:subfield></marc:datafield><marc:datafield tag="040" ind1=" " ind2=" "><marc:subfield code="a">1330</marc:subfield><marc:subfield code="b">ger</marc:subfield><marc:subfield code="c">DE-101</marc:subfield><marc:subfield code="d">9999</marc:subfield><marc:subfield code="e">rda</marc:subfield></marc:datafield><marc:datafield tag="041" ind1=" " ind2=" "><marc:subfield code="a">zxx</marc:subfield></marc:datafield><marc:datafield tag="044" ind1=" " ind2=" "><marc:subfield code="c">XA-DE</marc:subfield></marc:datafield><marc:datafield tag="082" ind1="7" ind2="4"><marc:subfield code="8">1\p</marc:subfield><marc:subfield code="a">781.648</marc:subfield><marc:subfield code="q">DE-101</marc:subfield><marc:subfield code="2">23sdnb</marc:subfield></marc:datafield><marc:datafield tag="245" ind1="0" ind2="0"><marc:subfield code="a">Time ends</marc:subfield><marc:subfield code="b">a tribute to J​.​G. Ballard's tetralogy of transformation</marc:subfield></marc:datafield><marc:datafield tag="264" ind1=" " ind2="1"><marc:subfield code="a">[Köln]</marc:subfield><marc:subfield code="b">auf abwegen</marc:subfield><marc:subfield code="a">[Berlin]</marc:subfield><marc:subfield code="b">the epicurean</marc:subfield><marc:subfield code="c">2021</marc:subfield></marc:datafield><marc:datafield tag="300" ind1=" " ind2=" "><marc:subfield code="a">1 CD</marc:subfield><marc:subfield code="e">1 Blatt, 1 gefaltetes Blatt (8 ungezählte Seiten)</marc:subfield></marc:datafield><marc:datafield tag="336" ind1=" " ind2=" "><marc:subfield code="a">aufgeführte Musik</marc:subfield><marc:subfield code="b">prm</marc:subfield><marc:subfield code="2">rdacontent</marc:subfield></marc:datafield><marc:datafield tag="337" ind1=" " ind2=" "><marc:subfield code="a">audio</marc:subfield><marc:subfield code="b">s</marc:subfield><marc:subfield code="2">rdamedia</marc:subfield></marc:datafield><marc:datafield tag="338" ind1=" " ind2=" "><marc:subfield code="a">Audiodisk</marc:subfield><marc:subfield code="b">sd</marc:subfield><marc:subfield code="2">rdacarrier</marc:subfield></marc:datafield><marc:datafield tag="655" ind1=" " ind2="7"><marc:subfield code="0">(DE-588)4522869-3</marc:subfield><marc:subfield code="0">https://d-nb.info/gnd/4522869-3</marc:subfield><marc:subfield code="0">(DE-101)955174880</marc:subfield><marc:subfield code="a">CD</marc:subfield><marc:subfield code="2">gnd-carrier</marc:subfield></marc:datafield></marc:record>