
<marc:record><marc:leader>02477pam a2200469 c 4500</marc:leader>
<marc:controlfield tag="001">1201894808</marc:controlfield>
<marc:controlfield tag="003">DE-101</marc:controlfield><marc:controlfield tag="005">20201218203755.0</marc:controlfield><marc:controlfield tag="007">tu</marc:controlfield><marc:controlfield tag="008">191220s2020    sz ||||| |||| 00||||ger  </marc:controlfield><marc:datafield tag="015" ind1=" " ind2=" "><marc:subfield code="a">20,A36</marc:subfield><marc:subfield code="z">20,N01</marc:subfield><marc:subfield code="2">dnb</marc:subfield></marc:datafield><marc:datafield tag="016" ind1="7" ind2=" "><marc:subfield code="2">DE-101</marc:subfield><marc:subfield code="a">1201894808</marc:subfield></marc:datafield><marc:datafield tag="020" ind1=" " ind2=" "><marc:subfield code="a">3035802726</marc:subfield><marc:subfield code="9">3-0358-0272-6</marc:subfield></marc:datafield><marc:datafield tag="020" ind1=" " ind2=" "><marc:subfield code="a">9783035802726</marc:subfield><marc:subfield code="c">Broschur : EUR 17.50 (DE), EUR 18.00 (AT), CHF 22.50 (freier Preis)</marc:subfield><marc:subfield code="9">978-3-0358-0272-6</marc:subfield></marc:datafield><marc:datafield tag="024" ind1="3" ind2=" "><marc:subfield code="a">9783035802726</marc:subfield></marc:datafield><marc:datafield tag="040" ind1=" " ind2=" "><marc:subfield code="a">1145</marc:subfield><marc:subfield code="b">ger</marc:subfield><marc:subfield code="c">DE-101</marc:subfield><marc:subfield code="d">9999</marc:subfield><marc:subfield code="e">rda</marc:subfield></marc:datafield><marc:datafield tag="041" ind1=" " ind2=" "><marc:subfield code="a">ger</marc:subfield><marc:subfield code="h">eng</marc:subfield></marc:datafield><marc:datafield tag="044" ind1=" " ind2=" "><marc:subfield code="c">XA-CH</marc:subfield></marc:datafield><marc:datafield tag="082" ind1="7" ind2="4"><marc:subfield code="8">2\p</marc:subfield><marc:subfield code="a">820</marc:subfield><marc:subfield code="a">B</marc:subfield><marc:subfield code="q">DE-101</marc:subfield><marc:subfield code="2">23sdnb</marc:subfield></marc:datafield><marc:datafield tag="090" ind1=" " ind2=" "><marc:subfield code="a">b</marc:subfield></marc:datafield><marc:datafield tag="100" ind1="1" ind2=" "><marc:subfield code="0">(DE-588)118656929</marc:subfield><marc:subfield code="0">https://d-nb.info/gnd/118656929</marc:subfield><marc:subfield code="0">(DE-101)118656929</marc:subfield><marc:subfield code="a">Ballard, J. G.</marc:subfield><marc:subfield code="d">1930-2009</marc:subfield><marc:subfield code="e">Verfasser</marc:subfield><marc:subfield code="4">aut</marc:subfield><marc:subfield code="2">gnd</marc:subfield><marc:subfield code="1">http://viaf.org/viaf/9842556</marc:subfield><marc:subfield code="4">http://rdaregistry.info/Elements/w/object/P10061</marc:subfield></marc:datafield><marc:datafield tag="240" ind1="1" ind2="0"><marc:subfield code="0">(DE-588)104576583X</marc:subfield><marc:subfield code="0">https://d-nb.info/gnd/104576583X</marc:subfield><marc:subfield code="0">(DE-101)104576583X</marc:subfield><marc:subfield code="a">The atrocity exhibition</marc:subfield><marc:subfield code="2">gnd</marc:subfield><marc:subfield code="1">http://viaf.org/viaf/182227002</marc:subfield></marc:datafield><marc:datafield tag="245" ind1="1" ind2="0"><marc:subfield code="a">Liebe &amp; Napalm: Export USA</marc:subfield><marc:subfield code="c">J.G. Ballard ; aus dem Englischen von Carl Weissner</marc:subfield></marc:datafield><marc:datafield tag="250" ind1=" " ind2=" "><marc:subfield code="a">1. Auflage</marc:subfield></marc:datafield><marc:datafield tag="259" ind1=" " ind2=" "><marc:subfield code="a">11</marc:subfield></marc:datafield><marc:datafield tag="264" ind1=" " ind2="1"><marc:subfield code="a">Zürich</marc:subfield><marc:subfield code="b">Diaphanes</marc:subfield><marc:subfield code="c">2020</marc:subfield></marc:datafield><marc:datafield tag="300" ind1=" " ind2=" "><marc:subfield code="a">170 Seiten</marc:subfield><marc:subfield code="c">20 cm</marc:subfield></marc:datafield><marc:datafield tag="336" ind1=" " ind2=" "><marc:subfield code="a">Text</marc:subfield><marc:subfield code="b">txt</marc:subfield><marc:subfield code="2">rdacontent</marc:subfield></marc:datafield><marc:datafield tag="337" ind1=" " ind2=" "><marc:subfield code="a">ohne Hilfsmittel zu benutzen</marc:subfield><marc:subfield code="b">n</marc:subfield><marc:subfield code="2">rdamedia</marc:subfield></marc:datafield><marc:datafield tag="338" ind1=" " ind2=" "><marc:subfield code="a">Band</marc:subfield><marc:subfield code="b">nc</marc:subfield><marc:subfield code="2">rdacarrier</marc:subfield></marc:datafield><marc:datafield tag="653" ind1=" " ind2=" "><marc:subfield code="a">(BISAC Subject Heading)FIC000000</marc:subfield></marc:datafield><marc:datafield tag="653" ind1=" " ind2=" "><marc:subfield code="a">(BISAC Subject Heading)FIC019000</marc:subfield></marc:datafield><marc:datafield tag="653" ind1=" " ind2=" "><marc:subfield code="a">(BISAC Subject Heading)FIC055000</marc:subfield></marc:datafield><marc:datafield tag="653" ind1=" " ind2=" "><marc:subfield code="a">(Produktform)Paperback / softback</marc:subfield></marc:datafield><marc:datafield tag="653" ind1=" " ind2=" "><marc:subfield code="a">(VLB-WN)1112: Hardcover, Softcover / Belletristik/Gegenwartsliteratur (ab 1945)</marc:subfield></marc:datafield><marc:datafield tag="655" ind1=" " ind2="7"><marc:subfield code="0">(DE-101)1010008188</marc:subfield><marc:subfield code="a">Erzählende Literatur: Gegenwartsliteratur ab 1945</marc:subfield><marc:subfield code="2">gatbeg</marc:subfield></marc:datafield><marc:datafield tag="655" ind1=" " ind2="7"><marc:subfield code="0">(DE-588)1071854844</marc:subfield><marc:subfield code="0">https://d-nb.info/gnd/1071854844</marc:subfield><marc:subfield code="0">(DE-101)1071854844</marc:subfield><marc:subfield code="a">Fiktionale Darstellung</marc:subfield><marc:subfield code="2">gnd-content</marc:subfield></marc:datafield><marc:datafield tag="700" ind1="1" ind2=" "><marc:subfield code="0">(DE-588)107849410</marc:subfield><marc:subfield code="0">https://d-nb.info/gnd/107849410</marc:subfield><marc:subfield code="0">(DE-101)107849410</marc:subfield><marc:subfield code="a">Weissner, Carl</marc:subfield><marc:subfield code="d">1940-2012</marc:subfield><marc:subfield code="e">Übersetzer</marc:subfield><marc:subfield code="4">trl</marc:subfield><marc:subfield code="2">gnd</marc:subfield></marc:datafield><marc:datafield tag="710" ind1="2" ind2=" "><marc:subfield code="8">1\p</marc:subfield><marc:subfield code="0">(DE-588)1064211070</marc:subfield><marc:subfield code="0">https://d-nb.info/gnd/1064211070</marc:subfield><marc:subfield code="0">(DE-101)1064211070</marc:subfield><marc:subfield code="a">Diaphanes</marc:subfield><marc:subfield code="e">Verlag</marc:subfield><marc:subfield code="4">pbl</marc:subfield><marc:subfield code="2">gnd</marc:subfield></marc:datafield><marc:datafield tag="776" ind1="0" ind2="8"><marc:subfield code="i">Erscheint auch als</marc:subfield><marc:subfield code="n">Online-Ausgabe</marc:subfield><marc:subfield code="t">Liebe &amp; Napalm: Export USA</marc:subfield><marc:subfield code="d">Zürich : Diaphanes, 2020</marc:subfield><marc:subfield code="h">Online-Ressource, 176 Seiten</marc:subfield><marc:subfield code="w">(DE-101)1222675749</marc:subfield></marc:datafield><marc:datafield tag="856" ind1="4" ind2="2"><marc:subfield code="m">B:DE-101</marc:subfield><marc:subfield code="q">application/pdf</marc:subfield><marc:subfield code="u">https://d-nb.info/1201894808/04</marc:subfield><marc:subfield code="3">Inhaltsverzeichnis</marc:subfield></marc:datafield><marc:datafield tag="856" ind1="4" ind2="2"><marc:subfield code="m">X:MVB</marc:subfield><marc:subfield code="q">text/html</marc:subfield><marc:subfield code="u">http://deposit.dnb.de/cgi-bin/dokserv?id=45792b9b944f421f9d02f0eb4ac4a402&amp;prov=M&amp;dok_var=1&amp;dok_ext=htm</marc:subfield><marc:subfield code="3">Inhaltstext</marc:subfield></marc:datafield></marc:record>