
<marc:record><marc:leader>03755pam a2200649 c 4500</marc:leader>
<marc:controlfield tag="001">1100371834</marc:controlfield>
<marc:controlfield tag="003">DE-101</marc:controlfield><marc:controlfield tag="005">20190830112422.0</marc:controlfield><marc:controlfield tag="007">tu</marc:controlfield><marc:controlfield tag="008">160517s2017    gw ||||| m||| 00||||eng  </marc:controlfield><marc:datafield tag="015" ind1=" " ind2=" "><marc:subfield code="a">17,A20</marc:subfield><marc:subfield code="a">17,H06</marc:subfield><marc:subfield code="z">16,N21</marc:subfield><marc:subfield code="2">dnb</marc:subfield></marc:datafield><marc:datafield tag="016" ind1="7" ind2=" "><marc:subfield code="2">DE-101</marc:subfield><marc:subfield code="a">1100371834</marc:subfield></marc:datafield><marc:datafield tag="020" ind1=" " ind2=" "><marc:subfield code="a">3110487896</marc:subfield><marc:subfield code="9">3-11-048789-6</marc:subfield></marc:datafield><marc:datafield tag="020" ind1=" " ind2=" "><marc:subfield code="a">9783110487893</marc:subfield><marc:subfield code="c">Festeinband : EUR 102.80 (AT) (freier Preis), EUR 99.95 (DE) (freier Preis), GBP 74.99 (GB) (freier Preis)</marc:subfield><marc:subfield code="9">978-3-11-048789-3</marc:subfield></marc:datafield><marc:datafield tag="020" ind1=" " ind2=" "><marc:subfield code="a">9783110635232</marc:subfield><marc:subfield code="c">Broschur : EUR 20.95 (DE) (freier Preis), EUR 20.95 (AT) (freier Preis)</marc:subfield><marc:subfield code="9">978-3-11-063523-2</marc:subfield></marc:datafield><marc:datafield tag="024" ind1="3" ind2=" "><marc:subfield code="a">9783110487893</marc:subfield></marc:datafield><marc:datafield tag="040" ind1=" " ind2=" "><marc:subfield code="a">1145</marc:subfield><marc:subfield code="b">ger</marc:subfield><marc:subfield code="c">DE-101</marc:subfield><marc:subfield code="d">1130</marc:subfield><marc:subfield code="e">rda</marc:subfield></marc:datafield><marc:datafield tag="041" ind1=" " ind2=" "><marc:subfield code="a">eng</marc:subfield></marc:datafield><marc:datafield tag="044" ind1=" " ind2=" "><marc:subfield code="c">XA-DE-BE</marc:subfield></marc:datafield><marc:datafield tag="082" ind1="0" ind2="4"><marc:subfield code="8">2\u</marc:subfield><marc:subfield code="a">823.914</marc:subfield><marc:subfield code="q">DE-101</marc:subfield><marc:subfield code="2">22/ger</marc:subfield></marc:datafield><marc:datafield tag="083" ind1="7" ind2=" "><marc:subfield code="a">820</marc:subfield><marc:subfield code="q">DE-101</marc:subfield><marc:subfield code="2">23sdnb</marc:subfield></marc:datafield><marc:datafield tag="085" ind1=" " ind2=" "><marc:subfield code="8">2\u</marc:subfield><marc:subfield code="b">823</marc:subfield></marc:datafield><marc:datafield tag="090" ind1=" " ind2=" "><marc:subfield code="a">b</marc:subfield></marc:datafield><marc:datafield tag="100" ind1="1" ind2=" "><marc:subfield code="0">(DE-588)1124249702</marc:subfield><marc:subfield code="0">https://d-nb.info/gnd/1124249702</marc:subfield><marc:subfield code="0">(DE-101)1124249702</marc:subfield><marc:subfield code="a">Cord, Florian</marc:subfield><marc:subfield code="d">1982-</marc:subfield><marc:subfield code="e">Verfasser</marc:subfield><marc:subfield code="4">aut</marc:subfield><marc:subfield code="2">gnd</marc:subfield><marc:subfield code="1">http://viaf.org/viaf/12148570682924312852</marc:subfield><marc:subfield code="4">http://rdaregistry.info/Elements/w/object/P10061</marc:subfield></marc:datafield><marc:datafield tag="245" ind1=" " ind2=" "><marc:subfield code="a">J.G. Ballard's politics : late capitalism, power, and the pataphysics of resistance</marc:subfield><marc:subfield code="1">http://viaf.org/viaf/12148570682924312852/jgballard</marc:subfield></marc:datafield><marc:datafield tag="245" ind1="1" ind2="0"><marc:subfield code="a">J.G. Ballard's politics</marc:subfield><marc:subfield code="b">late capitalism, power, and the pataphysics of resistance</marc:subfield><marc:subfield code="c">Florian Cord</marc:subfield></marc:datafield><marc:datafield tag="264" ind1=" " ind2="1"><marc:subfield code="a">Berlin</marc:subfield><marc:subfield code="b">De Gruyter</marc:subfield><marc:subfield code="c">[2017]</marc:subfield></marc:datafield><marc:datafield tag="300" ind1=" " ind2=" "><marc:subfield code="a">264 Seiten</marc:subfield><marc:subfield code="c">24 cm</marc:subfield></marc:datafield><marc:datafield tag="336" ind1=" " ind2=" "><marc:subfield code="a">Text</marc:subfield><marc:subfield code="b">txt</marc:subfield><marc:subfield code="2">rdacontent</marc:subfield></marc:datafield><marc:datafield tag="337" ind1=" " ind2=" "><marc:subfield code="a">ohne Hilfsmittel zu benutzen</marc:subfield><marc:subfield code="b">n</marc:subfield><marc:subfield code="2">rdamedia</marc:subfield></marc:datafield><marc:datafield tag="338" ind1=" " ind2=" "><marc:subfield code="a">Band</marc:subfield><marc:subfield code="b">nc</marc:subfield><marc:subfield code="2">rdacarrier</marc:subfield></marc:datafield><marc:datafield tag="490" ind1="1" ind2=" "><marc:subfield code="a">Buchreihe der Anglia</marc:subfield><marc:subfield code="v">volume 54</marc:subfield></marc:datafield><marc:datafield tag="502" ind1=" " ind2=" "><marc:subfield code="b">Dissertation</marc:subfield><marc:subfield code="c">Universität Würzburg</marc:subfield><marc:subfield code="d">2014</marc:subfield></marc:datafield><marc:datafield tag="600" ind1="1" ind2="7"><marc:subfield code="0">(DE-588)118656929</marc:subfield><marc:subfield code="0">https://d-nb.info/gnd/118656929</marc:subfield><marc:subfield code="0">(DE-101)118656929</marc:subfield><marc:subfield code="a">Ballard, J. G.</marc:subfield><marc:subfield code="d">1930-2009</marc:subfield><marc:subfield code="9">rswk-swf</marc:subfield><marc:subfield code="2">gnd</marc:subfield><marc:subfield code="1">http://viaf.org/viaf/9842556</marc:subfield></marc:datafield><marc:datafield tag="650" ind1=" " ind2="7"><marc:subfield code="0">(DE-588)4168422-9</marc:subfield><marc:subfield code="0">https://d-nb.info/gnd/4168422-9</marc:subfield><marc:subfield code="0">(DE-101)041684222</marc:subfield><marc:subfield code="a">Macht</marc:subfield><marc:subfield code="g">Motiv</marc:subfield><marc:subfield code="9">rswk-swf</marc:subfield><marc:subfield code="2">gnd</marc:subfield></marc:datafield><marc:datafield tag="650" ind1=" " ind2="7"><marc:subfield code="0">(DE-588)4202544-8</marc:subfield><marc:subfield code="0">https://d-nb.info/gnd/4202544-8</marc:subfield><marc:subfield code="0">(DE-101)042025443</marc:subfield><marc:subfield code="a">Politik</marc:subfield><marc:subfield code="g">Motiv</marc:subfield><marc:subfield code="9">rswk-swf</marc:subfield><marc:subfield code="2">gnd</marc:subfield></marc:datafield><marc:datafield tag="650" ind1=" " ind2="7"><marc:subfield code="0">(DE-588)4221315-0</marc:subfield><marc:subfield code="0">https://d-nb.info/gnd/4221315-0</marc:subfield><marc:subfield code="0">(DE-101)042213150</marc:subfield><marc:subfield code="a">Kapitalismus</marc:subfield><marc:subfield code="g">Motiv</marc:subfield><marc:subfield code="9">rswk-swf</marc:subfield><marc:subfield code="2">gnd</marc:subfield></marc:datafield><marc:datafield tag="653" ind1=" " ind2=" "><marc:subfield code="a">(BISAC Subject Heading)LIT004120</marc:subfield></marc:datafield><marc:datafield tag="653" ind1=" " ind2=" "><marc:subfield code="a">(Produktform)Hardback</marc:subfield></marc:datafield><marc:datafield tag="653" ind1=" " ind2=" "><marc:subfield code="a">(Produktrabattgruppe)PR: rabattbeschränkt/Bibliothekswerke</marc:subfield></marc:datafield><marc:datafield tag="653" ind1=" " ind2=" "><marc:subfield code="a">(VLB-WN)1564: Hardcover, Softcover / Sprachwissenschaft, Literaturwissenschaft/Englische Sprachwissenschaft, Literaturwissenschaft</marc:subfield></marc:datafield><marc:datafield tag="653" ind1=" " ind2=" "><marc:subfield code="a">(Zielgruppe)Fachpublikum/ Wissenschaft</marc:subfield></marc:datafield><marc:datafield tag="653" ind1=" " ind2=" "><marc:subfield code="a">J.G. Ballard</marc:subfield></marc:datafield><marc:datafield tag="653" ind1=" " ind2=" "><marc:subfield code="a">J.G. Ballard; Late Captalism; Power; Resistance</marc:subfield></marc:datafield><marc:datafield tag="653" ind1=" " ind2=" "><marc:subfield code="a">late captalism</marc:subfield></marc:datafield><marc:datafield tag="653" ind1=" " ind2=" "><marc:subfield code="a">power</marc:subfield></marc:datafield><marc:datafield tag="653" ind1=" " ind2=" "><marc:subfield code="a">resistance</marc:subfield></marc:datafield><marc:datafield tag="655" ind1=" " ind2="7"><marc:subfield code="0">(DE-588)4113937-9</marc:subfield><marc:subfield code="0">https://d-nb.info/gnd/4113937-9</marc:subfield><marc:subfield code="0">(DE-101)041139372</marc:subfield><marc:subfield code="a">Hochschulschrift</marc:subfield><marc:subfield code="2">gnd-content</marc:subfield></marc:datafield><marc:datafield tag="689" ind1="0" ind2=" "><marc:subfield code="5">DE-101</marc:subfield><marc:subfield code="5">DE-101</marc:subfield></marc:datafield><marc:datafield tag="689" ind1="0" ind2="0"><marc:subfield code="0">(DE-588)118656929</marc:subfield><marc:subfield code="0">https://d-nb.info/gnd/118656929</marc:subfield><marc:subfield code="0">(DE-101)118656929</marc:subfield><marc:subfield code="D">p</marc:subfield><marc:subfield code="a">Ballard, J. G.</marc:subfield><marc:subfield code="d">1930-2009</marc:subfield></marc:datafield><marc:datafield tag="689" ind1="0" ind2="1"><marc:subfield code="0">(DE-588)4202544-8</marc:subfield><marc:subfield code="0">https://d-nb.info/gnd/4202544-8</marc:subfield><marc:subfield code="0">(DE-101)042025443</marc:subfield><marc:subfield code="D">s</marc:subfield><marc:subfield code="a">Politik</marc:subfield><marc:subfield code="g">Motiv</marc:subfield></marc:datafield><marc:datafield tag="689" ind1="0" ind2="2"><marc:subfield code="0">(DE-588)4221315-0</marc:subfield><marc:subfield code="0">https://d-nb.info/gnd/4221315-0</marc:subfield><marc:subfield code="0">(DE-101)042213150</marc:subfield><marc:subfield code="D">s</marc:subfield><marc:subfield code="a">Kapitalismus</marc:subfield><marc:subfield code="g">Motiv</marc:subfield></marc:datafield><marc:datafield tag="689" ind1="0" ind2="3"><marc:subfield code="0">(DE-588)4168422-9</marc:subfield><marc:subfield code="0">https://d-nb.info/gnd/4168422-9</marc:subfield><marc:subfield code="0">(DE-101)041684222</marc:subfield><marc:subfield code="D">s</marc:subfield><marc:subfield code="a">Macht</marc:subfield><marc:subfield code="g">Motiv</marc:subfield></marc:datafield><marc:datafield tag="710" ind1="2" ind2=" "><marc:subfield code="8">1\p</marc:subfield><marc:subfield code="0">(DE-588)1065653190</marc:subfield><marc:subfield code="0">https://d-nb.info/gnd/1065653190</marc:subfield><marc:subfield code="0">(DE-101)1065653190</marc:subfield><marc:subfield code="a">De Gruyter Mouton</marc:subfield><marc:subfield code="e">Verlag</marc:subfield><marc:subfield code="4">pbl</marc:subfield><marc:subfield code="2">gnd</marc:subfield></marc:datafield><marc:datafield tag="776" ind1="0" ind2="8"><marc:subfield code="i">Erscheint auch als</marc:subfield><marc:subfield code="n">Online-Ausgabe</marc:subfield><marc:subfield code="a">Cord, Florian, 1982-</marc:subfield><marc:subfield code="t">J.G. Ballard's Politics</marc:subfield><marc:subfield code="d">Berlin/Boston : De Gruyter, 2017</marc:subfield><marc:subfield code="h">Online-Ressourcen, 274 Seiten</marc:subfield><marc:subfield code="w">(DE-101)112931720X</marc:subfield></marc:datafield><marc:datafield tag="830" ind1=" " ind2="0"><marc:subfield code="a">Buchreihe der Anglia</marc:subfield><marc:subfield code="v">volume 54</marc:subfield><marc:subfield code="w">(DE-101)012655996</marc:subfield><marc:subfield code="w">(DE-600)505946-X</marc:subfield><marc:subfield code="9">254</marc:subfield><marc:subfield code="7">as</marc:subfield></marc:datafield><marc:datafield tag="856" ind1="4" ind2="2"><marc:subfield code="m">B:DE-101</marc:subfield><marc:subfield code="q">application/pdf</marc:subfield><marc:subfield code="u">https://d-nb.info/1100371834/04</marc:subfield><marc:subfield code="3">Inhaltsverzeichnis</marc:subfield></marc:datafield></marc:record>