
<marc:record><marc:leader>03833nam a2200733uc 4500</marc:leader>
<marc:controlfield tag="001">112931720X</marc:controlfield>
<marc:controlfield tag="003">DE-101</marc:controlfield><marc:controlfield tag="005">20171203115152.0</marc:controlfield><marc:controlfield tag="007">cr||||||||||||</marc:controlfield><marc:controlfield tag="008">170405s2017    gw |||||o|||| 00||||eng  </marc:controlfield><marc:datafield tag="015" ind1=" " ind2=" "><marc:subfield code="a">17,O05</marc:subfield><marc:subfield code="2">dnb</marc:subfield></marc:datafield><marc:datafield tag="016" ind1="7" ind2=" "><marc:subfield code="2">DE-101</marc:subfield><marc:subfield code="a">112931720X</marc:subfield></marc:datafield><marc:datafield tag="020" ind1=" " ind2=" "><marc:subfield code="a">3110488302</marc:subfield><marc:subfield code="9">3-11-048830-2</marc:subfield></marc:datafield><marc:datafield tag="020" ind1=" " ind2=" "><marc:subfield code="a">9783110488302</marc:subfield><marc:subfield code="9">978-3-11-048830-2</marc:subfield></marc:datafield><marc:datafield tag="024" ind1="3" ind2=" "><marc:subfield code="a">9783110488302</marc:subfield></marc:datafield><marc:datafield tag="024" ind1="7" ind2=" "><marc:subfield code="2">urn</marc:subfield><marc:subfield code="a">urn:nbn:de:101:1-2017040525473</marc:subfield></marc:datafield><marc:datafield tag="040" ind1=" " ind2=" "><marc:subfield code="a">1140</marc:subfield><marc:subfield code="b">ger</marc:subfield><marc:subfield code="c">DE-101</marc:subfield><marc:subfield code="d">9999</marc:subfield></marc:datafield><marc:datafield tag="041" ind1=" " ind2=" "><marc:subfield code="a">eng</marc:subfield></marc:datafield><marc:datafield tag="044" ind1=" " ind2=" "><marc:subfield code="c">XA-DE-BE</marc:subfield></marc:datafield><marc:datafield tag="082" ind1="0" ind2="4"><marc:subfield code="8">3\u</marc:subfield><marc:subfield code="a">823.914</marc:subfield><marc:subfield code="q">DE-101</marc:subfield><marc:subfield code="2">22/ger</marc:subfield></marc:datafield><marc:datafield tag="083" ind1="7" ind2=" "><marc:subfield code="8">4\p</marc:subfield><marc:subfield code="a">820</marc:subfield><marc:subfield code="q">DE-101</marc:subfield><marc:subfield code="2">23sdnb</marc:subfield></marc:datafield><marc:datafield tag="085" ind1=" " ind2=" "><marc:subfield code="8">3\u</marc:subfield><marc:subfield code="b">823</marc:subfield></marc:datafield><marc:datafield tag="100" ind1="1" ind2=" "><marc:subfield code="8">1\p</marc:subfield><marc:subfield code="0">(DE-588)1124249702</marc:subfield><marc:subfield code="0">https://d-nb.info/gnd/1124249702</marc:subfield><marc:subfield code="0">(DE-101)1124249702</marc:subfield><marc:subfield code="a">Cord, Florian</marc:subfield><marc:subfield code="d">1982-</marc:subfield><marc:subfield code="e">Verfasser</marc:subfield><marc:subfield code="4">aut</marc:subfield><marc:subfield code="2">gnd</marc:subfield></marc:datafield><marc:datafield tag="245" ind1="1" ind2="0"><marc:subfield code="a">J.G. Ballard's Politics</marc:subfield><marc:subfield code="b">Late Capitalism, Power, and the Pataphysics of Resistance</marc:subfield><marc:subfield code="c">Florian  Cord</marc:subfield></marc:datafield><marc:datafield tag="264" ind1=" " ind2="1"><marc:subfield code="a">Berlin/Boston</marc:subfield><marc:subfield code="b">De Gruyter</marc:subfield><marc:subfield code="b">De Gruyter Mouton</marc:subfield><marc:subfield code="c">2017</marc:subfield></marc:datafield><marc:datafield tag="300" ind1=" " ind2=" "><marc:subfield code="a">Online-Ressourcen, 274 Seiten</marc:subfield></marc:datafield><marc:datafield tag="336" ind1=" " ind2=" "><marc:subfield code="a">Text</marc:subfield><marc:subfield code="b">txt</marc:subfield><marc:subfield code="2">rdacontent</marc:subfield></marc:datafield><marc:datafield tag="337" ind1=" " ind2=" "><marc:subfield code="a">Computermedien</marc:subfield><marc:subfield code="b">c</marc:subfield><marc:subfield code="2">rdamedia</marc:subfield></marc:datafield><marc:datafield tag="338" ind1=" " ind2=" "><marc:subfield code="a">Online-Ressource</marc:subfield><marc:subfield code="b">cr</marc:subfield><marc:subfield code="2">rdacarrier</marc:subfield></marc:datafield><marc:datafield tag="336" ind1=" " ind2=" "><marc:subfield code="a">tekst</marc:subfield><marc:subfield code="0">http://rdaregistry.info/termList/RDAContentType/1020</marc:subfield></marc:datafield><marc:datafield tag="337" ind1=" " ind2=" "><marc:subfield code="a">datamaskin</marc:subfield><marc:subfield code="0">http://rdaregistry.info/termList/RDAMediaType/1007</marc:subfield></marc:datafield><marc:datafield tag="338" ind1=" " ind2=" "><marc:subfield code="a">online ressurs</marc:subfield><marc:subfield code="0">http://rdaregistry.info/termList/RDACarrierType/1018</marc:subfield></marc:datafield><marc:datafield tag="380" ind1=" " ind2=" "><marc:subfield code="a">Språkbasert verk</marc:subfield><marc:subfield code="1">https://schema.nb.no/Bibliographic/Values/V1000</marc:subfield></marc:datafield><marc:datafield tag="490" ind1="1" ind2=" "><marc:subfield code="a">Buchreihe der Anglia / Anglia Book Series</marc:subfield><marc:subfield code="v">54</marc:subfield></marc:datafield><marc:datafield tag="500" ind1=" " ind2=" "><marc:subfield code="a">Lizenzpflichtig</marc:subfield></marc:datafield><marc:datafield tag="583" ind1="1" ind2=" "><marc:subfield code="a">Archivierung/Langzeitarchivierung gewährleistet</marc:subfield><marc:subfield code="5">DE-101</marc:subfield><marc:subfield code="2">pdager</marc:subfield></marc:datafield><marc:datafield tag="600" ind1="1" ind2="7"><marc:subfield code="0">(DE-588)118656929</marc:subfield><marc:subfield code="0">https://d-nb.info/gnd/118656929</marc:subfield><marc:subfield code="0">(DE-101)118656929</marc:subfield><marc:subfield code="a">Ballard, J. G.</marc:subfield><marc:subfield code="d">1930-2009</marc:subfield><marc:subfield code="9">rswk-swf</marc:subfield><marc:subfield code="2">gnd</marc:subfield><marc:subfield code="1">http://viaf.org/viaf/9842556</marc:subfield></marc:datafield><marc:datafield tag="650" ind1=" " ind2="7"><marc:subfield code="0">(DE-588)4168422-9</marc:subfield><marc:subfield code="0">https://d-nb.info/gnd/4168422-9</marc:subfield><marc:subfield code="0">(DE-101)041684222</marc:subfield><marc:subfield code="a">Macht</marc:subfield><marc:subfield code="g">Motiv</marc:subfield><marc:subfield code="9">rswk-swf</marc:subfield><marc:subfield code="2">gnd</marc:subfield></marc:datafield><marc:datafield tag="650" ind1=" " ind2="7"><marc:subfield code="0">(DE-588)4202544-8</marc:subfield><marc:subfield code="0">https://d-nb.info/gnd/4202544-8</marc:subfield><marc:subfield code="0">(DE-101)042025443</marc:subfield><marc:subfield code="a">Politik</marc:subfield><marc:subfield code="g">Motiv</marc:subfield><marc:subfield code="9">rswk-swf</marc:subfield><marc:subfield code="2">gnd</marc:subfield></marc:datafield><marc:datafield tag="650" ind1=" " ind2="7"><marc:subfield code="0">(DE-588)4221315-0</marc:subfield><marc:subfield code="0">https://d-nb.info/gnd/4221315-0</marc:subfield><marc:subfield code="0">(DE-101)042213150</marc:subfield><marc:subfield code="a">Kapitalismus</marc:subfield><marc:subfield code="g">Motiv</marc:subfield><marc:subfield code="9">rswk-swf</marc:subfield><marc:subfield code="2">gnd</marc:subfield></marc:datafield><marc:datafield tag="653" ind1=" " ind2=" "><marc:subfield code="a">(BISAC Subject Heading)LIT004120</marc:subfield></marc:datafield><marc:datafield tag="653" ind1=" " ind2=" "><marc:subfield code="a">(Produktform)Electronic book text</marc:subfield></marc:datafield><marc:datafield tag="653" ind1=" " ind2=" "><marc:subfield code="a">(Produktrabattgruppe)PR: rabattbeschränkt/Bibliothekswerke</marc:subfield></marc:datafield><marc:datafield tag="653" ind1=" " ind2=" "><marc:subfield code="a">(VLB-WN)9564</marc:subfield></marc:datafield><marc:datafield tag="653" ind1=" " ind2=" "><marc:subfield code="a">(Zielgruppe)Fachpublikum/ Wissenschaft</marc:subfield></marc:datafield><marc:datafield tag="653" ind1=" " ind2=" "><marc:subfield code="a">J.G. Ballard</marc:subfield></marc:datafield><marc:datafield tag="653" ind1=" " ind2=" "><marc:subfield code="a">J.G. Ballard; Late Captalism; Power; Resistance</marc:subfield></marc:datafield><marc:datafield tag="653" ind1=" " ind2=" "><marc:subfield code="a">late captalism</marc:subfield></marc:datafield><marc:datafield tag="653" ind1=" " ind2=" "><marc:subfield code="a">power</marc:subfield></marc:datafield><marc:datafield tag="653" ind1=" " ind2=" "><marc:subfield code="a">resistance</marc:subfield></marc:datafield><marc:datafield tag="689" ind1="0" ind2=" "><marc:subfield code="5">DE-101</marc:subfield><marc:subfield code="5">DE-101</marc:subfield></marc:datafield><marc:datafield tag="689" ind1="0" ind2="0"><marc:subfield code="0">(DE-588)118656929</marc:subfield><marc:subfield code="0">https://d-nb.info/gnd/118656929</marc:subfield><marc:subfield code="0">(DE-101)118656929</marc:subfield><marc:subfield code="D">p</marc:subfield><marc:subfield code="a">Ballard, J. G.</marc:subfield><marc:subfield code="d">1930-2009</marc:subfield></marc:datafield><marc:datafield tag="689" ind1="0" ind2="1"><marc:subfield code="0">(DE-588)4202544-8</marc:subfield><marc:subfield code="0">https://d-nb.info/gnd/4202544-8</marc:subfield><marc:subfield code="0">(DE-101)042025443</marc:subfield><marc:subfield code="D">s</marc:subfield><marc:subfield code="a">Politik</marc:subfield><marc:subfield code="g">Motiv</marc:subfield></marc:datafield><marc:datafield tag="689" ind1="0" ind2="2"><marc:subfield code="0">(DE-588)4221315-0</marc:subfield><marc:subfield code="0">https://d-nb.info/gnd/4221315-0</marc:subfield><marc:subfield code="0">(DE-101)042213150</marc:subfield><marc:subfield code="D">s</marc:subfield><marc:subfield code="a">Kapitalismus</marc:subfield><marc:subfield code="g">Motiv</marc:subfield></marc:datafield><marc:datafield tag="689" ind1="0" ind2="3"><marc:subfield code="0">(DE-588)4168422-9</marc:subfield><marc:subfield code="0">https://d-nb.info/gnd/4168422-9</marc:subfield><marc:subfield code="0">(DE-101)041684222</marc:subfield><marc:subfield code="D">s</marc:subfield><marc:subfield code="a">Macht</marc:subfield><marc:subfield code="g">Motiv</marc:subfield></marc:datafield><marc:datafield tag="710" ind1="2" ind2=" "><marc:subfield code="8">2\p</marc:subfield><marc:subfield code="0">(DE-588)1065653190</marc:subfield><marc:subfield code="0">https://d-nb.info/gnd/1065653190</marc:subfield><marc:subfield code="0">(DE-101)1065653190</marc:subfield><marc:subfield code="a">De Gruyter Mouton</marc:subfield><marc:subfield code="e">Verlag</marc:subfield><marc:subfield code="4">pbl</marc:subfield><marc:subfield code="2">gnd</marc:subfield></marc:datafield><marc:datafield tag="776" ind1="0" ind2="8"><marc:subfield code="i">Elektronische Reproduktion von</marc:subfield><marc:subfield code="z">9783110487893</marc:subfield></marc:datafield><marc:datafield tag="776" ind1="0" ind2="8"><marc:subfield code="i">Erscheint auch als</marc:subfield><marc:subfield code="n">Druck-Ausgabe</marc:subfield><marc:subfield code="a">Cord, Florian, 1982-</marc:subfield><marc:subfield code="t">J.G. Ballard's politics</marc:subfield><marc:subfield code="d">Berlin : De Gruyter, [2017]</marc:subfield><marc:subfield code="h">264 Seiten</marc:subfield><marc:subfield code="w">(DE-101)1100371834</marc:subfield></marc:datafield><marc:datafield tag="776" ind1="0" ind2="8"><marc:subfield code="i">Erscheint auch als</marc:subfield><marc:subfield code="n">Online-Ausgabe</marc:subfield><marc:subfield code="z">9783110490718</marc:subfield></marc:datafield><marc:datafield tag="776" ind1="0" ind2="8"><marc:subfield code="i">Erscheint auch als</marc:subfield><marc:subfield code="z">9783110490725</marc:subfield></marc:datafield><marc:datafield tag="830" ind1=" " ind2="0"><marc:subfield code="a">Buchreihe der Anglia / Anglia Book Series</marc:subfield><marc:subfield code="v">54</marc:subfield></marc:datafield><marc:datafield tag="856" ind1=" " ind2="0"><marc:subfield code="u">https://d-nb.info/112931720X/34</marc:subfield><marc:subfield code="x">Langzeitarchivierung Nationalbibliothek</marc:subfield></marc:datafield><marc:datafield tag="856" ind1="4" ind2=" "><marc:subfield code="q">epub</marc:subfield><marc:subfield code="u">http://www.degruyter.com/search?f_0=isbnissn&amp;q_0=9783110488302&amp;searchTitles=true</marc:subfield><marc:subfield code="x">Verlag</marc:subfield></marc:datafield><marc:datafield tag="856" ind1="4" ind2="0"><marc:subfield code="u">https://nbn-resolving.org/urn:nbn:de:101:1-2017040525473</marc:subfield><marc:subfield code="x">Resolving-System</marc:subfield></marc:datafield></marc:record>