
<marc:record><marc:leader>02493nam a2200565uc 4500</marc:leader>
<marc:controlfield tag="001">1119334462</marc:controlfield>
<marc:controlfield tag="003">DE-101</marc:controlfield><marc:controlfield tag="005">20190315165226.0</marc:controlfield><marc:controlfield tag="007">cr||||||||||||</marc:controlfield><marc:controlfield tag="008">161117s2016    gw |||||o|||| 00||||ger  </marc:controlfield><marc:datafield tag="015" ind1=" " ind2=" "><marc:subfield code="a">16,O12</marc:subfield><marc:subfield code="2">dnb</marc:subfield></marc:datafield><marc:datafield tag="016" ind1="7" ind2=" "><marc:subfield code="2">DE-101</marc:subfield><marc:subfield code="a">1119334462</marc:subfield></marc:datafield><marc:datafield tag="020" ind1=" " ind2=" "><marc:subfield code="a">9783944720807</marc:subfield><marc:subfield code="9">978-3-944720-80-7</marc:subfield></marc:datafield><marc:datafield tag="024" ind1="3" ind2=" "><marc:subfield code="a">9783944720807</marc:subfield></marc:datafield><marc:datafield tag="024" ind1="7" ind2=" "><marc:subfield code="2">urn</marc:subfield><marc:subfield code="a">urn:nbn:de:101:1-201611177401</marc:subfield></marc:datafield><marc:datafield tag="040" ind1=" " ind2=" "><marc:subfield code="a">1140</marc:subfield><marc:subfield code="b">ger</marc:subfield><marc:subfield code="c">DE-101</marc:subfield><marc:subfield code="d">9999</marc:subfield></marc:datafield><marc:datafield tag="041" ind1=" " ind2=" "><marc:subfield code="a">ger</marc:subfield></marc:datafield><marc:datafield tag="044" ind1=" " ind2=" "><marc:subfield code="c">XA-DE-BE</marc:subfield></marc:datafield><marc:datafield tag="082" ind1="7" ind2="4"><marc:subfield code="8">3\p</marc:subfield><marc:subfield code="a">810</marc:subfield><marc:subfield code="q">DE-101</marc:subfield><marc:subfield code="2">23sdnb</marc:subfield></marc:datafield><marc:datafield tag="100" ind1="1" ind2=" "><marc:subfield code="8">1\p</marc:subfield><marc:subfield code="0">(DE-588)129154946</marc:subfield><marc:subfield code="0">https://d-nb.info/gnd/129154946</marc:subfield><marc:subfield code="0">(DE-101)129154946</marc:subfield><marc:subfield code="a">Frey, Hans</marc:subfield><marc:subfield code="d">1949-</marc:subfield><marc:subfield code="e">Verfasser</marc:subfield><marc:subfield code="4">aut</marc:subfield><marc:subfield code="2">gnd</marc:subfield><marc:subfield code="1">https://d-nb.info/gnd/129154946</marc:subfield><marc:subfield code="4">http://rdaregistry.info/Elements/w/object/P10061</marc:subfield></marc:datafield><marc:datafield tag="240" ind1=" " ind2=" "><marc:subfield code="a">J. G. Ballard : Science Fiction als Paradoxon</marc:subfield><marc:subfield code="1">https://d-nb.info/gnd/129154946/jgballard</marc:subfield></marc:datafield><marc:datafield tag="245" ind1="1" ind2="0"><marc:subfield code="a">J. G. Ballard - Science Fiction als Paradoxon</marc:subfield><marc:subfield code="c">Hans Frey</marc:subfield></marc:datafield><marc:datafield tag="264" ind1=" " ind2="1"><marc:subfield code="a">Berlin</marc:subfield><marc:subfield code="b">Golkonda Verlag</marc:subfield><marc:subfield code="c">2016</marc:subfield></marc:datafield><marc:datafield tag="300" ind1=" " ind2=" "><marc:subfield code="a">Online-Ressource</marc:subfield></marc:datafield><marc:datafield tag="336" ind1=" " ind2=" "><marc:subfield code="a">Text</marc:subfield><marc:subfield code="b">txt</marc:subfield><marc:subfield code="2">rdacontent</marc:subfield></marc:datafield><marc:datafield tag="337" ind1=" " ind2=" "><marc:subfield code="a">Computermedien</marc:subfield><marc:subfield code="b">c</marc:subfield><marc:subfield code="2">rdamedia</marc:subfield></marc:datafield><marc:datafield tag="338" ind1=" " ind2=" "><marc:subfield code="a">Online-Ressource</marc:subfield><marc:subfield code="b">cr</marc:subfield><marc:subfield code="2">rdacarrier</marc:subfield></marc:datafield><marc:datafield tag="336" ind1=" " ind2=" "><marc:subfield code="a">tekst</marc:subfield><marc:subfield code="0">http://rdaregistry.info/termList/RDAContentType/1020</marc:subfield></marc:datafield><marc:datafield tag="337" ind1=" " ind2=" "><marc:subfield code="a">datamaskin</marc:subfield><marc:subfield code="0">http://rdaregistry.info/termList/RDAMediaType/1007</marc:subfield></marc:datafield><marc:datafield tag="338" ind1=" " ind2=" "><marc:subfield code="a">online ressurs</marc:subfield><marc:subfield code="0">http://rdaregistry.info/termList/RDACarrierType/1018</marc:subfield></marc:datafield><marc:datafield tag="380" ind1=" " ind2=" "><marc:subfield code="a">Språkbasert verk</marc:subfield><marc:subfield code="1">https://schema.nb.no/Bibliographic/Values/V1000</marc:subfield></marc:datafield><marc:datafield tag="490" ind1="0" ind2=" "><marc:subfield code="a">Memoranda</marc:subfield></marc:datafield><marc:datafield tag="500" ind1=" " ind2=" "><marc:subfield code="a">Lizenzpflichtig</marc:subfield></marc:datafield><marc:datafield tag="583" ind1="1" ind2=" "><marc:subfield code="a">Archivierung/Langzeitarchivierung gewährleistet</marc:subfield><marc:subfield code="5">DE-101</marc:subfield><marc:subfield code="2">pdager</marc:subfield></marc:datafield><marc:datafield tag="653" ind1=" " ind2=" "><marc:subfield code="a">(BISAC Subject Heading)BIO007000</marc:subfield></marc:datafield><marc:datafield tag="653" ind1=" " ind2=" "><marc:subfield code="a">(BISAC Subject Heading)FIC028020</marc:subfield></marc:datafield><marc:datafield tag="653" ind1=" " ind2=" "><marc:subfield code="a">(Produktform)Electronic book text</marc:subfield></marc:datafield><marc:datafield tag="653" ind1=" " ind2=" "><marc:subfield code="a">(VLB-WN)9131</marc:subfield></marc:datafield><marc:datafield tag="653" ind1=" " ind2=" "><marc:subfield code="a">(VLB-WN)9921</marc:subfield></marc:datafield><marc:datafield tag="653" ind1=" " ind2=" "><marc:subfield code="a">Bibliographie</marc:subfield></marc:datafield><marc:datafield tag="653" ind1=" " ind2=" "><marc:subfield code="a">Biografie</marc:subfield></marc:datafield><marc:datafield tag="653" ind1=" " ind2=" "><marc:subfield code="a">Interview</marc:subfield></marc:datafield><marc:datafield tag="653" ind1=" " ind2=" "><marc:subfield code="a">New Wave</marc:subfield></marc:datafield><marc:datafield tag="653" ind1=" " ind2=" "><marc:subfield code="a">Science Fiction</marc:subfield></marc:datafield><marc:datafield tag="710" ind1="2" ind2=" "><marc:subfield code="8">2\p</marc:subfield><marc:subfield code="0">(DE-588)1065426577</marc:subfield><marc:subfield code="0">https://d-nb.info/gnd/1065426577</marc:subfield><marc:subfield code="0">(DE-101)1065426577</marc:subfield><marc:subfield code="a">Golkonda Verlag</marc:subfield><marc:subfield code="e">Verlag</marc:subfield><marc:subfield code="4">pbl</marc:subfield><marc:subfield code="2">gnd</marc:subfield></marc:datafield><marc:datafield tag="776" ind1="0" ind2="8"><marc:subfield code="i">Elektronische Reproduktion von</marc:subfield><marc:subfield code="z">9783944720791</marc:subfield></marc:datafield><marc:datafield tag="776" ind1="0" ind2="8"><marc:subfield code="i">Erscheint auch als</marc:subfield><marc:subfield code="n">Druck-Ausgabe</marc:subfield><marc:subfield code="a">Frey, Hans, 1949-</marc:subfield><marc:subfield code="t">J. G. Ballard</marc:subfield><marc:subfield code="d">Berlin : Memoranda, [2016]</marc:subfield><marc:subfield code="h">417 Seiten, Illustrationen</marc:subfield><marc:subfield code="w">(DE-101)1117097005</marc:subfield></marc:datafield><marc:datafield tag="856" ind1=" " ind2="0"><marc:subfield code="u">https://d-nb.info/1119334462/34</marc:subfield><marc:subfield code="x">Langzeitarchivierung Nationalbibliothek</marc:subfield></marc:datafield><marc:datafield tag="856" ind1="4" ind2=" "><marc:subfield code="q">epub</marc:subfield><marc:subfield code="u">http://golkonda-verlag.de/</marc:subfield><marc:subfield code="x">Verlag</marc:subfield></marc:datafield><marc:datafield tag="856" ind1="4" ind2="0"><marc:subfield code="u">https://nbn-resolving.org/urn:nbn:de:101:1-201611177401</marc:subfield><marc:subfield code="x">Resolving-System</marc:subfield></marc:datafield></marc:record>