
<marc:record><marc:leader>04378nam a2200877uc 4500</marc:leader>
<marc:controlfield tag="001">1079473319</marc:controlfield>
<marc:controlfield tag="003">DE-101</marc:controlfield><marc:controlfield tag="005">20171202145712.0</marc:controlfield><marc:controlfield tag="007">cr||||||||||||</marc:controlfield><marc:controlfield tag="008">151130s2014    gw |||||o|||| 00||||eng  </marc:controlfield><marc:datafield tag="015" ind1=" " ind2=" "><marc:subfield code="a">15,O12</marc:subfield><marc:subfield code="2">dnb</marc:subfield></marc:datafield><marc:datafield tag="016" ind1="7" ind2=" "><marc:subfield code="2">DE-101</marc:subfield><marc:subfield code="a">1079473319</marc:subfield></marc:datafield><marc:datafield tag="020" ind1=" " ind2=" "><marc:subfield code="a">9783839422021</marc:subfield><marc:subfield code="9">978-3-8394-2202-1</marc:subfield></marc:datafield><marc:datafield tag="024" ind1="7" ind2=" "><marc:subfield code="2">urn</marc:subfield><marc:subfield code="a">urn:nbn:de:101:1-20151130682</marc:subfield></marc:datafield><marc:datafield tag="040" ind1=" " ind2=" "><marc:subfield code="a">1140</marc:subfield><marc:subfield code="b">ger</marc:subfield><marc:subfield code="c">DE-101</marc:subfield><marc:subfield code="d">9999</marc:subfield></marc:datafield><marc:datafield tag="041" ind1=" " ind2=" "><marc:subfield code="a">eng</marc:subfield></marc:datafield><marc:datafield tag="044" ind1=" " ind2=" "><marc:subfield code="c">XA-DE-NW</marc:subfield></marc:datafield><marc:datafield tag="082" ind1="0" ind2="4"><marc:subfield code="8">1\u</marc:subfield><marc:subfield code="a">823.910936</marc:subfield><marc:subfield code="q">DE-101</marc:subfield><marc:subfield code="2">22/ger</marc:subfield></marc:datafield><marc:datafield tag="083" ind1="7" ind2=" "><marc:subfield code="8">2\p</marc:subfield><marc:subfield code="a">820</marc:subfield><marc:subfield code="a">810</marc:subfield><marc:subfield code="q">DE-101</marc:subfield><marc:subfield code="2">23sdnb</marc:subfield></marc:datafield><marc:datafield tag="085" ind1=" " ind2=" "><marc:subfield code="8">1\u</marc:subfield><marc:subfield code="b">823</marc:subfield></marc:datafield><marc:datafield tag="085" ind1=" " ind2=" "><marc:subfield code="8">1\u</marc:subfield><marc:subfield code="z">3C</marc:subfield><marc:subfield code="s">36</marc:subfield></marc:datafield><marc:datafield tag="100" ind1="1" ind2=" "><marc:subfield code="0">(DE-588)136911498</marc:subfield><marc:subfield code="0">https://d-nb.info/gnd/136911498</marc:subfield><marc:subfield code="0">(DE-101)136911498</marc:subfield><marc:subfield code="a">Mieszkowski, Sylvia</marc:subfield><marc:subfield code="e">Verfasser</marc:subfield><marc:subfield code="4">aut</marc:subfield><marc:subfield code="2">gnd</marc:subfield></marc:datafield><marc:datafield tag="245" ind1="1" ind2="0"><marc:subfield code="a">Resonant Alterities</marc:subfield><marc:subfield code="b">Sound, Desire and Anxiety in Non-Realist Fiction</marc:subfield><marc:subfield code="c">Sylvia Mieszkowski</marc:subfield></marc:datafield><marc:datafield tag="264" ind1=" " ind2="1"><marc:subfield code="a">Bielefeld</marc:subfield><marc:subfield code="b">transcript Verlag</marc:subfield><marc:subfield code="c">2014</marc:subfield></marc:datafield><marc:datafield tag="300" ind1=" " ind2=" "><marc:subfield code="a">Online-Ressource</marc:subfield></marc:datafield><marc:datafield tag="336" ind1=" " ind2=" "><marc:subfield code="a">Text</marc:subfield><marc:subfield code="b">txt</marc:subfield><marc:subfield code="2">rdacontent</marc:subfield></marc:datafield><marc:datafield tag="337" ind1=" " ind2=" "><marc:subfield code="a">Computermedien</marc:subfield><marc:subfield code="b">c</marc:subfield><marc:subfield code="2">rdamedia</marc:subfield></marc:datafield><marc:datafield tag="338" ind1=" " ind2=" "><marc:subfield code="a">Online-Ressource</marc:subfield><marc:subfield code="b">cr</marc:subfield><marc:subfield code="2">rdacarrier</marc:subfield></marc:datafield><marc:datafield tag="336" ind1=" " ind2=" "><marc:subfield code="a">tekst</marc:subfield><marc:subfield code="0">http://rdaregistry.info/termList/RDAContentType/1020</marc:subfield></marc:datafield><marc:datafield tag="337" ind1=" " ind2=" "><marc:subfield code="a">datamaskin</marc:subfield><marc:subfield code="0">http://rdaregistry.info/termList/RDAMediaType/1007</marc:subfield></marc:datafield><marc:datafield tag="338" ind1=" " ind2=" "><marc:subfield code="a">online ressurs</marc:subfield><marc:subfield code="0">http://rdaregistry.info/termList/RDACarrierType/1018</marc:subfield></marc:datafield><marc:datafield tag="380" ind1=" " ind2=" "><marc:subfield code="a">Språkbasert verk</marc:subfield><marc:subfield code="1">https://schema.nb.no/Bibliographic/Values/V1000</marc:subfield></marc:datafield><marc:datafield tag="490" ind1="0" ind2=" "><marc:subfield code="a">Kultur- und Medientheorie</marc:subfield></marc:datafield><marc:datafield tag="500" ind1=" " ind2=" "><marc:subfield code="a">Lizenzpflichtig</marc:subfield></marc:datafield><marc:datafield tag="583" ind1="1" ind2=" "><marc:subfield code="a">Archivierung/Langzeitarchivierung gewährleistet</marc:subfield><marc:subfield code="5">DE-101</marc:subfield><marc:subfield code="2">pdager</marc:subfield></marc:datafield><marc:datafield tag="600" ind1="1" ind2="7"><marc:subfield code="0">(DE-588)1067701850</marc:subfield><marc:subfield code="0">https://d-nb.info/gnd/1067701850</marc:subfield><marc:subfield code="0">(DE-101)1067701850</marc:subfield><marc:subfield code="a">Blackwood, Algernon</marc:subfield><marc:subfield code="d">1869-1951</marc:subfield><marc:subfield code="t">The human chord</marc:subfield><marc:subfield code="9">rswk-swf</marc:subfield><marc:subfield code="2">gnd</marc:subfield></marc:datafield><marc:datafield tag="600" ind1="1" ind2="7"><marc:subfield code="0">(DE-588)1067702563</marc:subfield><marc:subfield code="0">https://d-nb.info/gnd/1067702563</marc:subfield><marc:subfield code="0">(DE-101)1067702563</marc:subfield><marc:subfield code="a">Lee, Vernon</marc:subfield><marc:subfield code="d">1856-1935</marc:subfield><marc:subfield code="t">A wicked voice</marc:subfield><marc:subfield code="9">rswk-swf</marc:subfield><marc:subfield code="2">gnd</marc:subfield></marc:datafield><marc:datafield tag="600" ind1="1" ind2="7"><marc:subfield code="0">(DE-588)1067703608</marc:subfield><marc:subfield code="0">https://d-nb.info/gnd/1067703608</marc:subfield><marc:subfield code="0">(DE-101)1067703608</marc:subfield><marc:subfield code="a">Ballard, J. G.</marc:subfield><marc:subfield code="d">1930-2009</marc:subfield><marc:subfield code="t">The sound-sweep</marc:subfield><marc:subfield code="9">rswk-swf</marc:subfield><marc:subfield code="2">gnd</marc:subfield></marc:datafield><marc:datafield tag="600" ind1="1" ind2="7"><marc:subfield code="0">(DE-588)7630810-8</marc:subfield><marc:subfield code="0">https://d-nb.info/gnd/7630810-8</marc:subfield><marc:subfield code="0">(DE-101)990894754</marc:subfield><marc:subfield code="a">DeLillo, Don</marc:subfield><marc:subfield code="d">1936-</marc:subfield><marc:subfield code="t">The body artist</marc:subfield><marc:subfield code="9">rswk-swf</marc:subfield><marc:subfield code="2">gnd</marc:subfield></marc:datafield><marc:datafield tag="650" ind1=" " ind2="7"><marc:subfield code="0">(DE-588)4242485-9</marc:subfield><marc:subfield code="0">https://d-nb.info/gnd/4242485-9</marc:subfield><marc:subfield code="0">(DE-101)042424852</marc:subfield><marc:subfield code="a">Geräusch</marc:subfield><marc:subfield code="g">Motiv</marc:subfield><marc:subfield code="9">rswk-swf</marc:subfield><marc:subfield code="2">gnd</marc:subfield></marc:datafield><marc:datafield tag="650" ind1=" " ind2="7"><marc:subfield code="0">(DE-588)4413513-0</marc:subfield><marc:subfield code="0">https://d-nb.info/gnd/4413513-0</marc:subfield><marc:subfield code="0">(DE-101)947831347</marc:subfield><marc:subfield code="a">Klang</marc:subfield><marc:subfield code="g">Motiv</marc:subfield><marc:subfield code="9">rswk-swf</marc:subfield><marc:subfield code="2">gnd</marc:subfield></marc:datafield><marc:datafield tag="653" ind1=" " ind2=" "><marc:subfield code="a">(BIC subject category)AVA</marc:subfield></marc:datafield><marc:datafield tag="653" ind1=" " ind2=" "><marc:subfield code="a">(BIC subject category)DSB</marc:subfield></marc:datafield><marc:datafield tag="653" ind1=" " ind2=" "><marc:subfield code="a">(BISAC Subject Heading)LIT004020</marc:subfield></marc:datafield><marc:datafield tag="653" ind1=" " ind2=" "><marc:subfield code="a">(BISAC Subject Heading)LIT004120</marc:subfield></marc:datafield><marc:datafield tag="653" ind1=" " ind2=" "><marc:subfield code="a">(BISAC Subject Heading)MUS020000</marc:subfield></marc:datafield><marc:datafield tag="653" ind1=" " ind2=" "><marc:subfield code="a">(DDC 22 ger)780</marc:subfield></marc:datafield><marc:datafield tag="653" ind1=" " ind2=" "><marc:subfield code="a">(DDC 22 ger)810</marc:subfield></marc:datafield><marc:datafield tag="653" ind1=" " ind2=" "><marc:subfield code="a">(DDC 22 ger)820</marc:subfield></marc:datafield><marc:datafield tag="653" ind1=" " ind2=" "><marc:subfield code="a">(Produktform)Electronic book text</marc:subfield></marc:datafield><marc:datafield tag="653" ind1=" " ind2=" "><marc:subfield code="a">(VLB-WN)9564</marc:subfield></marc:datafield><marc:datafield tag="653" ind1=" " ind2=" "><marc:subfield code="a">Algernon Blackwood</marc:subfield></marc:datafield><marc:datafield tag="653" ind1=" " ind2=" "><marc:subfield code="a">American Studies</marc:subfield></marc:datafield><marc:datafield tag="653" ind1=" " ind2=" "><marc:subfield code="a">British Studies</marc:subfield></marc:datafield><marc:datafield tag="653" ind1=" " ind2=" "><marc:subfield code="a">Culture</marc:subfield></marc:datafield><marc:datafield tag="653" ind1=" " ind2=" "><marc:subfield code="a">Don DeLillo</marc:subfield></marc:datafield><marc:datafield tag="653" ind1=" " ind2=" "><marc:subfield code="a">General Literature Studies</marc:subfield></marc:datafield><marc:datafield tag="653" ind1=" " ind2=" "><marc:subfield code="a">J.G. Ballard</marc:subfield></marc:datafield><marc:datafield tag="653" ind1=" " ind2=" "><marc:subfield code="a">Literary Studies</marc:subfield></marc:datafield><marc:datafield tag="653" ind1=" " ind2=" "><marc:subfield code="a">Literature</marc:subfield></marc:datafield><marc:datafield tag="653" ind1=" " ind2=" "><marc:subfield code="a">Perception</marc:subfield></marc:datafield><marc:datafield tag="653" ind1=" " ind2=" "><marc:subfield code="a">Sound</marc:subfield></marc:datafield><marc:datafield tag="653" ind1=" " ind2=" "><marc:subfield code="a">Theory</marc:subfield></marc:datafield><marc:datafield tag="653" ind1=" " ind2=" "><marc:subfield code="a">Vernon Lee</marc:subfield></marc:datafield><marc:datafield tag="689" ind1="0" ind2=" "><marc:subfield code="5">DE-101</marc:subfield><marc:subfield code="5">DE-101</marc:subfield></marc:datafield><marc:datafield tag="689" ind1="0" ind2="0"><marc:subfield code="0">(DE-588)1067702563</marc:subfield><marc:subfield code="0">https://d-nb.info/gnd/1067702563</marc:subfield><marc:subfield code="0">(DE-101)1067702563</marc:subfield><marc:subfield code="D">p</marc:subfield><marc:subfield code="a">Lee, Vernon</marc:subfield><marc:subfield code="d">1856-1935</marc:subfield><marc:subfield code="t">A wicked voice</marc:subfield></marc:datafield><marc:datafield tag="689" ind1="0" ind2="1"><marc:subfield code="0">(DE-588)1067701850</marc:subfield><marc:subfield code="0">https://d-nb.info/gnd/1067701850</marc:subfield><marc:subfield code="0">(DE-101)1067701850</marc:subfield><marc:subfield code="D">p</marc:subfield><marc:subfield code="a">Blackwood, Algernon</marc:subfield><marc:subfield code="d">1869-1951</marc:subfield><marc:subfield code="t">The human chord</marc:subfield></marc:datafield><marc:datafield tag="689" ind1="0" ind2="2"><marc:subfield code="0">(DE-588)1067703608</marc:subfield><marc:subfield code="0">https://d-nb.info/gnd/1067703608</marc:subfield><marc:subfield code="0">(DE-101)1067703608</marc:subfield><marc:subfield code="D">p</marc:subfield><marc:subfield code="a">Ballard, J. G.</marc:subfield><marc:subfield code="d">1930-2009</marc:subfield><marc:subfield code="t">The sound-sweep</marc:subfield></marc:datafield><marc:datafield tag="689" ind1="0" ind2="3"><marc:subfield code="0">(DE-588)7630810-8</marc:subfield><marc:subfield code="0">https://d-nb.info/gnd/7630810-8</marc:subfield><marc:subfield code="0">(DE-101)990894754</marc:subfield><marc:subfield code="D">p</marc:subfield><marc:subfield code="a">DeLillo, Don</marc:subfield><marc:subfield code="d">1936-</marc:subfield><marc:subfield code="t">The body artist</marc:subfield></marc:datafield><marc:datafield tag="689" ind1="0" ind2="4"><marc:subfield code="0">(DE-588)4413513-0</marc:subfield><marc:subfield code="0">https://d-nb.info/gnd/4413513-0</marc:subfield><marc:subfield code="0">(DE-101)947831347</marc:subfield><marc:subfield code="D">s</marc:subfield><marc:subfield code="a">Klang</marc:subfield><marc:subfield code="g">Motiv</marc:subfield></marc:datafield><marc:datafield tag="689" ind1="0" ind2="5"><marc:subfield code="0">(DE-588)4242485-9</marc:subfield><marc:subfield code="0">https://d-nb.info/gnd/4242485-9</marc:subfield><marc:subfield code="0">(DE-101)042424852</marc:subfield><marc:subfield code="D">s</marc:subfield><marc:subfield code="a">Geräusch</marc:subfield><marc:subfield code="g">Motiv</marc:subfield></marc:datafield><marc:datafield tag="776" ind1="0" ind2="8"><marc:subfield code="i">Druckausg.</marc:subfield><marc:subfield code="z">9783837622027</marc:subfield></marc:datafield><marc:datafield tag="776" ind1="0" ind2="8"><marc:subfield code="i">Erscheint auch als</marc:subfield><marc:subfield code="n">Druck-Ausgabe</marc:subfield><marc:subfield code="a">Mieszkowski, Sylvia</marc:subfield><marc:subfield code="t">Resonant alterities</marc:subfield><marc:subfield code="d">Bielefeld : Transcript, 2014</marc:subfield><marc:subfield code="h">402 S.</marc:subfield><marc:subfield code="w">(DE-101)1025130936</marc:subfield></marc:datafield><marc:datafield tag="856" ind1=" " ind2="0"><marc:subfield code="u">https://d-nb.info/1079473319/34</marc:subfield><marc:subfield code="x">Langzeitarchivierung Nationalbibliothek</marc:subfield></marc:datafield><marc:datafield tag="856" ind1="4" ind2=" "><marc:subfield code="q">application/pdf</marc:subfield><marc:subfield code="u">http://www.transcript-verlag.de/978-3-8376-2202-7</marc:subfield><marc:subfield code="x">Verlag</marc:subfield></marc:datafield><marc:datafield tag="856" ind1="4" ind2="0"><marc:subfield code="u">https://nbn-resolving.org/urn:nbn:de:101:1-20151130682</marc:subfield><marc:subfield code="x">Resolving-System</marc:subfield></marc:datafield></marc:record>