
<marc:record><marc:leader>02341nam a2200445uc 4500</marc:leader>
<marc:controlfield tag="001">1079280480</marc:controlfield>
<marc:controlfield tag="003">DE-101</marc:controlfield><marc:controlfield tag="005">20210430164607.0</marc:controlfield><marc:controlfield tag="007">cr||||||||||||</marc:controlfield><marc:controlfield tag="008">151125s2011    gw |||||o|||| 00||||ger  </marc:controlfield><marc:datafield tag="015" ind1=" " ind2=" "><marc:subfield code="a">15,O12</marc:subfield><marc:subfield code="2">dnb</marc:subfield></marc:datafield><marc:datafield tag="016" ind1="7" ind2=" "><marc:subfield code="2">DE-101</marc:subfield><marc:subfield code="a">1079280480</marc:subfield></marc:datafield><marc:datafield tag="024" ind1="7" ind2=" "><marc:subfield code="2">urn</marc:subfield><marc:subfield code="a">urn:nbn:de:bsz:352-opus-1320</marc:subfield></marc:datafield><marc:datafield tag="040" ind1=" " ind2=" "><marc:subfield code="a">1240</marc:subfield><marc:subfield code="b">ger</marc:subfield><marc:subfield code="c">DE-101</marc:subfield><marc:subfield code="d">9999</marc:subfield></marc:datafield><marc:datafield tag="041" ind1=" " ind2=" "><marc:subfield code="a">ger</marc:subfield></marc:datafield><marc:datafield tag="044" ind1=" " ind2=" "><marc:subfield code="c">XA-DE-BW</marc:subfield></marc:datafield><marc:datafield tag="082" ind1="7" ind2="4"><marc:subfield code="8">9\p</marc:subfield><marc:subfield code="a">810</marc:subfield><marc:subfield code="q">DE-101</marc:subfield><marc:subfield code="2">23sdnb</marc:subfield></marc:datafield><marc:datafield tag="100" ind1="1" ind2=" "><marc:subfield code="8">1\p</marc:subfield><marc:subfield code="a">Fischer, Axel</marc:subfield><marc:subfield code="e">Verfasser</marc:subfield><marc:subfield code="4">aut</marc:subfield></marc:datafield><marc:datafield tag="245" ind1="1" ind2="0"><marc:subfield code="a">Logik der Devianz in J. G. Ballards Crash</marc:subfield><marc:subfield code="c">Axel Fischer</marc:subfield></marc:datafield><marc:datafield tag="264" ind1=" " ind2="1"><marc:subfield code="a">Konstanz</marc:subfield><marc:subfield code="b">Bibliothek der Universität Konstanz</marc:subfield><marc:subfield code="c">2011</marc:subfield></marc:datafield><marc:datafield tag="300" ind1=" " ind2=" "><marc:subfield code="a">Online-Ressource</marc:subfield></marc:datafield><marc:datafield tag="336" ind1=" " ind2=" "><marc:subfield code="a">Text</marc:subfield><marc:subfield code="b">txt</marc:subfield><marc:subfield code="2">rdacontent</marc:subfield></marc:datafield><marc:datafield tag="337" ind1=" " ind2=" "><marc:subfield code="a">Computermedien</marc:subfield><marc:subfield code="b">c</marc:subfield><marc:subfield code="2">rdamedia</marc:subfield></marc:datafield><marc:datafield tag="338" ind1=" " ind2=" "><marc:subfield code="a">Online-Ressource</marc:subfield><marc:subfield code="b">cr</marc:subfield><marc:subfield code="2">rdacarrier</marc:subfield></marc:datafield><marc:datafield tag="336" ind1=" " ind2=" "><marc:subfield code="a">tekst</marc:subfield><marc:subfield code="0">http://rdaregistry.info/termList/RDAContentType/1020</marc:subfield></marc:datafield><marc:datafield tag="337" ind1=" " ind2=" "><marc:subfield code="a">datamaskin</marc:subfield><marc:subfield code="0">http://rdaregistry.info/termList/RDAMediaType/1007</marc:subfield></marc:datafield><marc:datafield tag="338" ind1=" " ind2=" "><marc:subfield code="a">online ressurs</marc:subfield><marc:subfield code="0">http://rdaregistry.info/termList/RDACarrierType/1018</marc:subfield></marc:datafield><marc:datafield tag="380" ind1=" " ind2=" "><marc:subfield code="a">Språkbasert verk</marc:subfield><marc:subfield code="1">https://schema.nb.no/Bibliographic/Values/V1000</marc:subfield></marc:datafield><marc:datafield tag="502" ind1=" " ind2=" "><marc:subfield code="a">Konstanz, Universität Konstanz, Magisterarbeit, 1997</marc:subfield></marc:datafield><marc:datafield tag="583" ind1="1" ind2=" "><marc:subfield code="a">Archivierung/Langzeitarchivierung gewährleistet</marc:subfield><marc:subfield code="5">DE-101</marc:subfield><marc:subfield code="2">pdager</marc:subfield></marc:datafield><marc:datafield tag="600" ind1="1" ind2="7"><marc:subfield code="8">2\p</marc:subfield><marc:subfield code="0">(DE-588)118656929</marc:subfield><marc:subfield code="0">https://d-nb.info/gnd/118656929</marc:subfield><marc:subfield code="0">(DE-101)118656929</marc:subfield><marc:subfield code="a">Ballard, J. G.</marc:subfield><marc:subfield code="d">1930-2009</marc:subfield><marc:subfield code="2">gnd</marc:subfield><marc:subfield code="1">http://viaf.org/viaf/9842556</marc:subfield></marc:datafield><marc:datafield tag="650" ind1=" " ind2="7"><marc:subfield code="8">3\p</marc:subfield><marc:subfield code="0">(DE-588)4408599-0</marc:subfield><marc:subfield code="0">https://d-nb.info/gnd/4408599-0</marc:subfield><marc:subfield code="0">(DE-101)947411712</marc:subfield><marc:subfield code="a">Systemzusammenbruch</marc:subfield><marc:subfield code="2">gnd</marc:subfield></marc:datafield><marc:datafield tag="650" ind1=" " ind2="7"><marc:subfield code="8">4\p</marc:subfield><marc:subfield code="0">(DE-588)4050479-7</marc:subfield><marc:subfield code="0">https://d-nb.info/gnd/4050479-7</marc:subfield><marc:subfield code="0">(DE-101)040504794</marc:subfield><marc:subfield code="a">Roman</marc:subfield><marc:subfield code="2">gnd</marc:subfield></marc:datafield><marc:datafield tag="650" ind1=" " ind2="7"><marc:subfield code="8">5\p</marc:subfield><marc:subfield code="0">(DE-588)4000320-6</marc:subfield><marc:subfield code="0">https://d-nb.info/gnd/4000320-6</marc:subfield><marc:subfield code="0">(DE-101)040003205</marc:subfield><marc:subfield code="a">Abweichendes Verhalten</marc:subfield><marc:subfield code="2">gnd</marc:subfield></marc:datafield><marc:datafield tag="650" ind1=" " ind2="7"><marc:subfield code="8">6\p</marc:subfield><marc:subfield code="0">(DE-588)4036202-4</marc:subfield><marc:subfield code="0">https://d-nb.info/gnd/4036202-4</marc:subfield><marc:subfield code="0">(DE-101)040362027</marc:subfield><marc:subfield code="a">Logik</marc:subfield><marc:subfield code="2">gnd</marc:subfield></marc:datafield><marc:datafield tag="650" ind1=" " ind2="7"><marc:subfield code="8">7\p</marc:subfield><marc:subfield code="0">(DE-588)4184198-0</marc:subfield><marc:subfield code="0">https://d-nb.info/gnd/4184198-0</marc:subfield><marc:subfield code="0">(DE-101)041841980</marc:subfield><marc:subfield code="a">Symbolismus</marc:subfield><marc:subfield code="2">gnd</marc:subfield></marc:datafield><marc:datafield tag="650" ind1=" " ind2="7"><marc:subfield code="8">8\p</marc:subfield><marc:subfield code="0">(DE-588)4054021-2</marc:subfield><marc:subfield code="0">https://d-nb.info/gnd/4054021-2</marc:subfield><marc:subfield code="0">(DE-101)040540219</marc:subfield><marc:subfield code="a">Science-Fiction-Literatur</marc:subfield><marc:subfield code="2">gnd</marc:subfield></marc:datafield><marc:datafield tag="856" ind1=" " ind2="0"><marc:subfield code="u">https://d-nb.info/1079280480/34</marc:subfield><marc:subfield code="x">Langzeitarchivierung Nationalbibliothek</marc:subfield></marc:datafield><marc:datafield tag="856" ind1="4" ind2=" "><marc:subfield code="u">http://kops.uni-konstanz.de/handle/123456789/3602</marc:subfield><marc:subfield code="x">Verlag</marc:subfield><marc:subfield code="z">kostenfrei</marc:subfield></marc:datafield><marc:datafield tag="856" ind1="4" ind2="0"><marc:subfield code="u">https://nbn-resolving.org/urn:nbn:de:bsz:352-opus-1320</marc:subfield><marc:subfield code="x">Resolving-System</marc:subfield></marc:datafield></marc:record>