
<marc:record><marc:leader>01897pam a2200469 c 4500</marc:leader>
<marc:controlfield tag="001">987273795</marc:controlfield>
<marc:controlfield tag="003">DE-101</marc:controlfield><marc:controlfield tag="005">20171202055134.0</marc:controlfield><marc:controlfield tag="007">tu</marc:controlfield><marc:controlfield tag="008">080124s2008    gw ||||| |||| 00||||ger  </marc:controlfield><marc:datafield tag="015" ind1=" " ind2=" "><marc:subfield code="a">09,A10,0002</marc:subfield><marc:subfield code="z">08,N07,0001</marc:subfield><marc:subfield code="2">dnb</marc:subfield></marc:datafield><marc:datafield tag="016" ind1="7" ind2=" "><marc:subfield code="2">DE-101</marc:subfield><marc:subfield code="a">987273795</marc:subfield></marc:datafield><marc:datafield tag="020" ind1=" " ind2=" "><marc:subfield code="a">9783631560440</marc:subfield><marc:subfield code="c">kart. : EUR 34.00</marc:subfield><marc:subfield code="9">978-3-631-56044-0</marc:subfield></marc:datafield><marc:datafield tag="024" ind1="3" ind2=" "><marc:subfield code="a">9783631560440</marc:subfield></marc:datafield><marc:datafield tag="040" ind1=" " ind2=" "><marc:subfield code="a">1245</marc:subfield><marc:subfield code="b">ger</marc:subfield><marc:subfield code="c">DE-101</marc:subfield><marc:subfield code="d">9999</marc:subfield></marc:datafield><marc:datafield tag="041" ind1=" " ind2=" "><marc:subfield code="a">ger</marc:subfield></marc:datafield><marc:datafield tag="044" ind1=" " ind2=" "><marc:subfield code="c">XA-DE-HE</marc:subfield><marc:subfield code="c">XA-CH</marc:subfield><marc:subfield code="c">XA-AT</marc:subfield></marc:datafield><marc:datafield tag="082" ind1="0" ind2="4"><marc:subfield code="8">1\u</marc:subfield><marc:subfield code="a">001.1</marc:subfield><marc:subfield code="q">DE-101</marc:subfield><marc:subfield code="2">22/ger</marc:subfield></marc:datafield><marc:datafield tag="083" ind1="7" ind2=" "><marc:subfield code="a">000</marc:subfield><marc:subfield code="q">DE-101</marc:subfield><marc:subfield code="2">22sdnb</marc:subfield></marc:datafield><marc:datafield tag="085" ind1=" " ind2=" "><marc:subfield code="8">1\u</marc:subfield><marc:subfield code="b">001.1</marc:subfield></marc:datafield><marc:datafield tag="090" ind1=" " ind2=" "><marc:subfield code="a">b</marc:subfield></marc:datafield><marc:datafield tag="245" ind1="0" ind2="0"><marc:subfield code="a">Alles fließt</marc:subfield><marc:subfield code="b">Dimensionen des Wassers in Natur und Kultur</marc:subfield><marc:subfield code="c">Elmar Schenkel/Alexandra Lembert (Hrsg.)</marc:subfield></marc:datafield><marc:datafield tag="264" ind1=" " ind2="1"><marc:subfield code="a">Frankfurt, M.</marc:subfield><marc:subfield code="a">Berlin</marc:subfield><marc:subfield code="a">Bern</marc:subfield><marc:subfield code="a">Bruxelles</marc:subfield><marc:subfield code="a">New York, NY</marc:subfield><marc:subfield code="a">Oxford</marc:subfield><marc:subfield code="a">Wien</marc:subfield><marc:subfield code="b">Lang</marc:subfield><marc:subfield code="c">2008</marc:subfield></marc:datafield><marc:datafield tag="300" ind1=" " ind2=" "><marc:subfield code="a">199 S.</marc:subfield><marc:subfield code="b">Ill., graph. Darst.</marc:subfield><marc:subfield code="c">21 cm</marc:subfield></marc:datafield><marc:datafield tag="336" ind1=" " ind2=" "><marc:subfield code="a">Text</marc:subfield><marc:subfield code="b">txt</marc:subfield><marc:subfield code="2">rdacontent</marc:subfield></marc:datafield><marc:datafield tag="337" ind1=" " ind2=" "><marc:subfield code="a">ohne Hilfsmittel zu benutzen</marc:subfield><marc:subfield code="b">n</marc:subfield><marc:subfield code="2">rdamedia</marc:subfield></marc:datafield><marc:datafield tag="338" ind1=" " ind2=" "><marc:subfield code="a">Band</marc:subfield><marc:subfield code="b">nc</marc:subfield><marc:subfield code="2">rdacarrier</marc:subfield></marc:datafield><marc:datafield tag="500" ind1=" " ind2=" "><marc:subfield code="a">Literatur- und URL-Angaben</marc:subfield></marc:datafield><marc:datafield tag="650" ind1=" " ind2="7"><marc:subfield code="0">(DE-588)4064689-0</marc:subfield><marc:subfield code="0">https://d-nb.info/gnd/4064689-0</marc:subfield><marc:subfield code="0">(DE-101)040646890</marc:subfield><marc:subfield code="a">Wasser</marc:subfield><marc:subfield code="9">rswk-swf</marc:subfield><marc:subfield code="2">gnd</marc:subfield></marc:datafield><marc:datafield tag="653" ind1=" " ind2=" "><marc:subfield code="a">(VLB-FS)Ballard, J.G.</marc:subfield></marc:datafield><marc:datafield tag="653" ind1=" " ind2=" "><marc:subfield code="a">(VLB-FS)Ökologie</marc:subfield></marc:datafield><marc:datafield tag="653" ind1=" " ind2=" "><marc:subfield code="a">(VLB-FS)Wasser</marc:subfield></marc:datafield><marc:datafield tag="653" ind1=" " ind2=" "><marc:subfield code="a">(VLB-FS)Wells, H.G.</marc:subfield></marc:datafield><marc:datafield tag="653" ind1=" " ind2=" "><marc:subfield code="a">(VLB-PF)BC: Paperback</marc:subfield></marc:datafield><marc:datafield tag="653" ind1=" " ind2=" "><marc:subfield code="a">(VLB-WN)1676: HC/Biologie/Ökologie</marc:subfield></marc:datafield><marc:datafield tag="655" ind1=" " ind2="7"><marc:subfield code="0">(DE-588)4143413-4</marc:subfield><marc:subfield code="0">https://d-nb.info/gnd/4143413-4</marc:subfield><marc:subfield code="0">(DE-101)041434137</marc:subfield><marc:subfield code="a">Aufsatzsammlung</marc:subfield><marc:subfield code="2">gnd-content</marc:subfield></marc:datafield><marc:datafield tag="655" ind1=" " ind2="7"><marc:subfield code="a">Aufsatzsammlung</marc:subfield><marc:subfield code="9">rswk-swf</marc:subfield><marc:subfield code="2">gnd</marc:subfield></marc:datafield><marc:datafield tag="689" ind1="0" ind2=" "><marc:subfield code="5">DE-101</marc:subfield><marc:subfield code="5">DE-101</marc:subfield></marc:datafield><marc:datafield tag="689" ind1="0" ind2="0"><marc:subfield code="0">(DE-588)4064689-0</marc:subfield><marc:subfield code="0">https://d-nb.info/gnd/4064689-0</marc:subfield><marc:subfield code="0">(DE-101)040646890</marc:subfield><marc:subfield code="D">s</marc:subfield><marc:subfield code="a">Wasser</marc:subfield></marc:datafield><marc:datafield tag="689" ind1="0" ind2="1"><marc:subfield code="A">f</marc:subfield><marc:subfield code="a">Aufsatzsammlung</marc:subfield></marc:datafield><marc:datafield tag="700" ind1="1" ind2=" "><marc:subfield code="0">(DE-588)122812387</marc:subfield><marc:subfield code="0">https://d-nb.info/gnd/122812387</marc:subfield><marc:subfield code="0">(DE-101)122812387</marc:subfield><marc:subfield code="a">Schenkel, Elmar</marc:subfield><marc:subfield code="d">1953-</marc:subfield><marc:subfield code="e">Herausgeber</marc:subfield><marc:subfield code="4">edt</marc:subfield><marc:subfield code="2">gnd</marc:subfield></marc:datafield><marc:datafield tag="856" ind1="4" ind2="2"><marc:subfield code="m">B:DE-101</marc:subfield><marc:subfield code="q">application/pdf</marc:subfield><marc:subfield code="u">https://d-nb.info/987273795/04</marc:subfield><marc:subfield code="3">Inhaltsverzeichnis</marc:subfield></marc:datafield></marc:record>