
<marc:record><marc:leader>01416pam a2200349 cc4500</marc:leader>
<marc:controlfield tag="001">982550669</marc:controlfield>
<marc:controlfield tag="003">DE-101</marc:controlfield><marc:controlfield tag="005">20171202021849.0</marc:controlfield><marc:controlfield tag="007">tu</marc:controlfield><marc:controlfield tag="008">070104s2007    gw ||||| |||| 00||||ger  </marc:controlfield><marc:datafield tag="015" ind1=" " ind2=" "><marc:subfield code="a">07,A47,1474</marc:subfield><marc:subfield code="z">07,N06,1922</marc:subfield><marc:subfield code="2">dnb</marc:subfield></marc:datafield><marc:datafield tag="016" ind1="7" ind2=" "><marc:subfield code="2">DE-101</marc:subfield><marc:subfield code="a">982550669</marc:subfield></marc:datafield><marc:datafield tag="020" ind1=" " ind2=" "><marc:subfield code="a">345352277X</marc:subfield><marc:subfield code="c">kart. : EUR 11.95 (DE), EUR 11.30 (AT), sfr 19.80</marc:subfield><marc:subfield code="9">3-453-52277-X</marc:subfield></marc:datafield><marc:datafield tag="020" ind1=" " ind2=" "><marc:subfield code="a">9783453522770</marc:subfield><marc:subfield code="c">kart. : EUR 11.95 (DE), EUR 11.30 (AT), sfr 19.80</marc:subfield><marc:subfield code="9">978-3-453-52277-0</marc:subfield></marc:datafield><marc:datafield tag="024" ind1="3" ind2=" "><marc:subfield code="a">9783453522770</marc:subfield></marc:datafield><marc:datafield tag="040" ind1=" " ind2=" "><marc:subfield code="a">1245</marc:subfield><marc:subfield code="b">ger</marc:subfield><marc:subfield code="c">DE-101</marc:subfield><marc:subfield code="d">9999</marc:subfield></marc:datafield><marc:datafield tag="041" ind1=" " ind2=" "><marc:subfield code="a">ger</marc:subfield><marc:subfield code="h">eng</marc:subfield></marc:datafield><marc:datafield tag="044" ind1=" " ind2=" "><marc:subfield code="c">XA-DE-BY</marc:subfield></marc:datafield><marc:datafield tag="082" ind1="7" ind2="4"><marc:subfield code="a">820</marc:subfield><marc:subfield code="a">B</marc:subfield><marc:subfield code="q">DE-101</marc:subfield><marc:subfield code="2">22sdnb</marc:subfield></marc:datafield><marc:datafield tag="090" ind1=" " ind2=" "><marc:subfield code="a">b</marc:subfield></marc:datafield><marc:datafield tag="100" ind1="1" ind2=" "><marc:subfield code="0">(DE-588)118656929</marc:subfield><marc:subfield code="0">https://d-nb.info/gnd/118656929</marc:subfield><marc:subfield code="0">(DE-101)118656929</marc:subfield><marc:subfield code="a">Ballard, J. G.</marc:subfield><marc:subfield code="d">1930-2009</marc:subfield><marc:subfield code="e">Verfasser</marc:subfield><marc:subfield code="4">aut</marc:subfield><marc:subfield code="2">gnd</marc:subfield><marc:subfield code="1">http://viaf.org/viaf/9842556</marc:subfield><marc:subfield code="4">http://rdaregistry.info/Elements/w/object/P10061</marc:subfield></marc:datafield><marc:datafield tag="245" ind1="1" ind2="0"><marc:subfield code="a">Gesammelte Erzählungen</marc:subfield><marc:subfield code="n">[2].</marc:subfield><marc:subfield code="p">Vom Leben und Tod Gottes / [dt. Übers. von Charlotte Franke ...]</marc:subfield><marc:subfield code="c">J. G. Ballard. [Bearb. der Übers.: Angela Herrmann und Hannes Riffel]</marc:subfield></marc:datafield><marc:datafield tag="250" ind1=" " ind2=" "><marc:subfield code="a">Vollst. überarb. Neuausg.</marc:subfield></marc:datafield><marc:datafield tag="259" ind1=" " ind2=" "><marc:subfield code="a">vouen</marc:subfield></marc:datafield><marc:datafield tag="264" ind1="3" ind2="1"><marc:subfield code="a">München</marc:subfield><marc:subfield code="b">Heyne</marc:subfield><marc:subfield code="c">2007</marc:subfield></marc:datafield><marc:datafield tag="300" ind1=" " ind2=" "><marc:subfield code="a">1131 S.</marc:subfield></marc:datafield><marc:datafield tag="336" ind1=" " ind2=" "><marc:subfield code="a">Text</marc:subfield><marc:subfield code="b">txt</marc:subfield><marc:subfield code="2">rdacontent</marc:subfield></marc:datafield><marc:datafield tag="337" ind1=" " ind2=" "><marc:subfield code="a">ohne Hilfsmittel zu benutzen</marc:subfield><marc:subfield code="b">n</marc:subfield><marc:subfield code="2">rdamedia</marc:subfield></marc:datafield><marc:datafield tag="338" ind1=" " ind2=" "><marc:subfield code="a">Band</marc:subfield><marc:subfield code="b">nc</marc:subfield><marc:subfield code="2">rdacarrier</marc:subfield></marc:datafield><marc:datafield tag="653" ind1=" " ind2=" "><marc:subfield code="a">(VLB-PF)BC: Paperback</marc:subfield></marc:datafield><marc:datafield tag="653" ind1=" " ind2=" "><marc:subfield code="a">(VLB-WN)2131: TB/Belletristik/Science Fiction</marc:subfield></marc:datafield><marc:datafield tag="773" ind1="0" ind2="8"><marc:subfield code="q">12</marc:subfield><marc:subfield code="w">(DE-101)984138587</marc:subfield></marc:datafield></marc:record>