
<marc:record><marc:leader>03134pam a2200625 c 4500</marc:leader>
<marc:controlfield tag="001">981383270</marc:controlfield>
<marc:controlfield tag="003">DE-101</marc:controlfield><marc:controlfield tag="005">20171202010935.0</marc:controlfield><marc:controlfield tag="007">tu</marc:controlfield><marc:controlfield tag="008">060928s2006    gw ||||| |||| 00||||eng  </marc:controlfield><marc:datafield tag="015" ind1=" " ind2=" "><marc:subfield code="a">06,A51,2467</marc:subfield><marc:subfield code="z">06,N43,0935</marc:subfield><marc:subfield code="2">dnb</marc:subfield></marc:datafield><marc:datafield tag="016" ind1="7" ind2=" "><marc:subfield code="2">DE-101</marc:subfield><marc:subfield code="a">981383270</marc:subfield></marc:datafield><marc:datafield tag="020" ind1=" " ind2=" "><marc:subfield code="a">3825352803</marc:subfield><marc:subfield code="c">Pp. : EUR 42.00</marc:subfield><marc:subfield code="9">3-8253-5280-3</marc:subfield></marc:datafield><marc:datafield tag="020" ind1=" " ind2=" "><marc:subfield code="a">9783825352806</marc:subfield><marc:subfield code="c">Pp. : EUR 42.00</marc:subfield><marc:subfield code="9">978-3-8253-5280-6</marc:subfield></marc:datafield><marc:datafield tag="024" ind1="3" ind2=" "><marc:subfield code="a">9783825352806</marc:subfield></marc:datafield><marc:datafield tag="040" ind1=" " ind2=" "><marc:subfield code="a">1245</marc:subfield><marc:subfield code="b">ger</marc:subfield><marc:subfield code="c">DE-101</marc:subfield><marc:subfield code="d">9999</marc:subfield></marc:datafield><marc:datafield tag="041" ind1=" " ind2=" "><marc:subfield code="a">eng</marc:subfield></marc:datafield><marc:datafield tag="044" ind1=" " ind2=" "><marc:subfield code="c">XA-DE-BW</marc:subfield></marc:datafield><marc:datafield tag="082" ind1="7" ind2="4"><marc:subfield code="a">820</marc:subfield><marc:subfield code="q">DE-101</marc:subfield><marc:subfield code="2">22sdnb</marc:subfield></marc:datafield><marc:datafield tag="090" ind1=" " ind2=" "><marc:subfield code="a">b</marc:subfield></marc:datafield><marc:datafield tag="245" ind1="0" ind2="0"><marc:subfield code="a">Fantastic body transformations in English literature</marc:subfield><marc:subfield code="c">ed. by Sabine Coelsch-Foisner. Assistant ed. Sarah Herbe ...</marc:subfield></marc:datafield><marc:datafield tag="264" ind1=" " ind2="1"><marc:subfield code="a">Heidelberg</marc:subfield><marc:subfield code="b">Winter</marc:subfield><marc:subfield code="c">2006</marc:subfield></marc:datafield><marc:datafield tag="300" ind1=" " ind2=" "><marc:subfield code="a">304 S.</marc:subfield><marc:subfield code="b">Ill.</marc:subfield><marc:subfield code="c">24 cm</marc:subfield></marc:datafield><marc:datafield tag="336" ind1=" " ind2=" "><marc:subfield code="a">Text</marc:subfield><marc:subfield code="b">txt</marc:subfield><marc:subfield code="2">rdacontent</marc:subfield></marc:datafield><marc:datafield tag="337" ind1=" " ind2=" "><marc:subfield code="a">ohne Hilfsmittel zu benutzen</marc:subfield><marc:subfield code="b">n</marc:subfield><marc:subfield code="2">rdamedia</marc:subfield></marc:datafield><marc:datafield tag="338" ind1=" " ind2=" "><marc:subfield code="a">Band</marc:subfield><marc:subfield code="b">nc</marc:subfield><marc:subfield code="2">rdacarrier</marc:subfield></marc:datafield><marc:datafield tag="490" ind1="1" ind2=" "><marc:subfield code="a">Wissenschaft und Kunst</marc:subfield><marc:subfield code="v">Bd. 4</marc:subfield></marc:datafield><marc:datafield tag="650" ind1=" " ind2="7"><marc:subfield code="0">(DE-588)4014777-0</marc:subfield><marc:subfield code="0">https://d-nb.info/gnd/4014777-0</marc:subfield><marc:subfield code="0">(DE-101)040147770</marc:subfield><marc:subfield code="a">Englisch</marc:subfield><marc:subfield code="9">rswk-swf</marc:subfield><marc:subfield code="2">gnd</marc:subfield></marc:datafield><marc:datafield tag="650" ind1=" " ind2="7"><marc:subfield code="0">(DE-588)4035964-5</marc:subfield><marc:subfield code="0">https://d-nb.info/gnd/4035964-5</marc:subfield><marc:subfield code="0">(DE-101)040359646</marc:subfield><marc:subfield code="a">Literatur</marc:subfield><marc:subfield code="9">rswk-swf</marc:subfield><marc:subfield code="2">gnd</marc:subfield></marc:datafield><marc:datafield tag="650" ind1=" " ind2="7"><marc:subfield code="0">(DE-588)4045673-0</marc:subfield><marc:subfield code="0">https://d-nb.info/gnd/4045673-0</marc:subfield><marc:subfield code="0">(DE-101)040456730</marc:subfield><marc:subfield code="a">Das Fantastische</marc:subfield><marc:subfield code="9">rswk-swf</marc:subfield><marc:subfield code="2">gnd</marc:subfield></marc:datafield><marc:datafield tag="650" ind1=" " ind2="7"><marc:subfield code="0">(DE-588)4164424-4</marc:subfield><marc:subfield code="0">https://d-nb.info/gnd/4164424-4</marc:subfield><marc:subfield code="0">(DE-101)041644247</marc:subfield><marc:subfield code="a">Körper</marc:subfield><marc:subfield code="g">Motiv</marc:subfield><marc:subfield code="9">rswk-swf</marc:subfield><marc:subfield code="2">gnd</marc:subfield></marc:datafield><marc:datafield tag="650" ind1=" " ind2="7"><marc:subfield code="0">(DE-588)4169647-5</marc:subfield><marc:subfield code="0">https://d-nb.info/gnd/4169647-5</marc:subfield><marc:subfield code="0">(DE-101)041696476</marc:subfield><marc:subfield code="a">Metamorphose</marc:subfield><marc:subfield code="g">Motiv</marc:subfield><marc:subfield code="9">rswk-swf</marc:subfield><marc:subfield code="2">gnd</marc:subfield></marc:datafield><marc:datafield tag="653" ind1=" " ind2=" "><marc:subfield code="a">(VLB-FS)Ackroyd, Peter</marc:subfield></marc:datafield><marc:datafield tag="653" ind1=" " ind2=" "><marc:subfield code="a">(VLB-FS)Ballard, J G</marc:subfield></marc:datafield><marc:datafield tag="653" ind1=" " ind2=" "><marc:subfield code="a">(VLB-FS)Body Transformation</marc:subfield></marc:datafield><marc:datafield tag="653" ind1=" " ind2=" "><marc:subfield code="a">(VLB-FS)Carter, Angela</marc:subfield></marc:datafield><marc:datafield tag="653" ind1=" " ind2=" "><marc:subfield code="a">(VLB-FS)Fantastische Literatur</marc:subfield></marc:datafield><marc:datafield tag="653" ind1=" " ind2=" "><marc:subfield code="a">(VLB-FS)Gothik</marc:subfield></marc:datafield><marc:datafield tag="653" ind1=" " ind2=" "><marc:subfield code="a">(VLB-FS)Shakespeare, William</marc:subfield></marc:datafield><marc:datafield tag="653" ind1=" " ind2=" "><marc:subfield code="a">(VLB-PF)BB: Gebunden</marc:subfield></marc:datafield><marc:datafield tag="653" ind1=" " ind2=" "><marc:subfield code="a">(VLB-WG)562: Fehler</marc:subfield></marc:datafield><marc:datafield tag="653" ind1=" " ind2=" "><marc:subfield code="a">(VLB-WI)1: Hardcover, Softcover, Karte</marc:subfield></marc:datafield><marc:datafield tag="655" ind1=" " ind2="7"><marc:subfield code="0">(DE-588)1071861417</marc:subfield><marc:subfield code="0">https://d-nb.info/gnd/1071861417</marc:subfield><marc:subfield code="0">(DE-101)1071861417</marc:subfield><marc:subfield code="a">Konferenzschrift</marc:subfield><marc:subfield code="y">2005</marc:subfield><marc:subfield code="2">gnd-content</marc:subfield></marc:datafield><marc:datafield tag="655" ind1=" " ind2="7"><marc:subfield code="a">Kongress 2005</marc:subfield><marc:subfield code="9">rswk-swf</marc:subfield><marc:subfield code="2">gnd</marc:subfield></marc:datafield><marc:datafield tag="689" ind1="0" ind2=" "><marc:subfield code="5">DE-101</marc:subfield><marc:subfield code="5">DE-101</marc:subfield></marc:datafield><marc:datafield tag="689" ind1="0" ind2="0"><marc:subfield code="0">(DE-588)4014777-0</marc:subfield><marc:subfield code="0">https://d-nb.info/gnd/4014777-0</marc:subfield><marc:subfield code="0">(DE-101)040147770</marc:subfield><marc:subfield code="D">s</marc:subfield><marc:subfield code="a">Englisch</marc:subfield></marc:datafield><marc:datafield tag="689" ind1="0" ind2="1"><marc:subfield code="0">(DE-588)4035964-5</marc:subfield><marc:subfield code="0">https://d-nb.info/gnd/4035964-5</marc:subfield><marc:subfield code="0">(DE-101)040359646</marc:subfield><marc:subfield code="D">s</marc:subfield><marc:subfield code="a">Literatur</marc:subfield></marc:datafield><marc:datafield tag="689" ind1="0" ind2="2"><marc:subfield code="0">(DE-588)4045673-0</marc:subfield><marc:subfield code="0">https://d-nb.info/gnd/4045673-0</marc:subfield><marc:subfield code="0">(DE-101)040456730</marc:subfield><marc:subfield code="D">s</marc:subfield><marc:subfield code="a">Das Fantastische</marc:subfield></marc:datafield><marc:datafield tag="689" ind1="0" ind2="3"><marc:subfield code="0">(DE-588)4164424-4</marc:subfield><marc:subfield code="0">https://d-nb.info/gnd/4164424-4</marc:subfield><marc:subfield code="0">(DE-101)041644247</marc:subfield><marc:subfield code="D">s</marc:subfield><marc:subfield code="a">Körper</marc:subfield><marc:subfield code="g">Motiv</marc:subfield></marc:datafield><marc:datafield tag="689" ind1="0" ind2="4"><marc:subfield code="0">(DE-588)4169647-5</marc:subfield><marc:subfield code="0">https://d-nb.info/gnd/4169647-5</marc:subfield><marc:subfield code="0">(DE-101)041696476</marc:subfield><marc:subfield code="D">s</marc:subfield><marc:subfield code="a">Metamorphose</marc:subfield><marc:subfield code="g">Motiv</marc:subfield></marc:datafield><marc:datafield tag="689" ind1="0" ind2="5"><marc:subfield code="A">f</marc:subfield><marc:subfield code="a">Kongress 2005</marc:subfield></marc:datafield><marc:datafield tag="700" ind1="1" ind2=" "><marc:subfield code="0">(DE-588)118138197</marc:subfield><marc:subfield code="0">https://d-nb.info/gnd/118138197</marc:subfield><marc:subfield code="0">(DE-101)118138197</marc:subfield><marc:subfield code="a">Coelsch-Foisner, Sabine</marc:subfield><marc:subfield code="d">1960-</marc:subfield><marc:subfield code="e">Herausgeber</marc:subfield><marc:subfield code="4">edt</marc:subfield><marc:subfield code="2">gnd</marc:subfield></marc:datafield><marc:datafield tag="830" ind1=" " ind2="0"><marc:subfield code="a">Wissenschaft und Kunst</marc:subfield><marc:subfield code="v">Bd. 4</marc:subfield><marc:subfield code="w">(DE-101)975447866</marc:subfield><marc:subfield code="w">(DE-600)2193197-5</marc:subfield><marc:subfield code="9">14</marc:subfield><marc:subfield code="7">as</marc:subfield></marc:datafield><marc:datafield tag="856" ind1="4" ind2="2"><marc:subfield code="m">V:DE-604</marc:subfield><marc:subfield code="q">application/pdf</marc:subfield><marc:subfield code="u">https://d-nb.info/981383270/04</marc:subfield><marc:subfield code="3">Inhaltsverzeichnis</marc:subfield></marc:datafield><marc:datafield tag="856" ind1="4" ind2="2"><marc:subfield code="m">X:MVB</marc:subfield><marc:subfield code="q">text/html</marc:subfield><marc:subfield code="u">http://deposit.dnb.de/cgi-bin/dokserv?id=2859328&amp;prov=M&amp;dok_var=1&amp;dok_ext=htm</marc:subfield><marc:subfield code="3">Inhaltstext</marc:subfield></marc:datafield></marc:record>