
<marc:record><marc:leader>02546pam a2200397 c 4500</marc:leader>
<marc:controlfield tag="001">973097337</marc:controlfield>
<marc:controlfield tag="003">DE-101</marc:controlfield><marc:controlfield tag="005">20171203172549.0</marc:controlfield><marc:controlfield tag="007">tu</marc:controlfield><marc:controlfield tag="008">041209s2005    gw ||||| |||| 00||||ger  </marc:controlfield><marc:datafield tag="015" ind1=" " ind2=" "><marc:subfield code="a">05,A49,1817</marc:subfield><marc:subfield code="z">05,N02,1987</marc:subfield><marc:subfield code="2">dnb</marc:subfield></marc:datafield><marc:datafield tag="016" ind1="7" ind2=" "><marc:subfield code="2">DE-101</marc:subfield><marc:subfield code="a">973097337</marc:subfield></marc:datafield><marc:datafield tag="020" ind1=" " ind2=" "><marc:subfield code="a">3937897062</marc:subfield><marc:subfield code="c">kart. : EUR 12.90</marc:subfield><marc:subfield code="9">3-937897-06-2</marc:subfield></marc:datafield><marc:datafield tag="020" ind1=" " ind2=" "><marc:subfield code="a">9783937897066</marc:subfield><marc:subfield code="c">kart. : EUR 12.90</marc:subfield><marc:subfield code="9">978-3-937897-06-6</marc:subfield></marc:datafield><marc:datafield tag="024" ind1="3" ind2=" "><marc:subfield code="a">9783937897066</marc:subfield></marc:datafield><marc:datafield tag="040" ind1=" " ind2=" "><marc:subfield code="a">1245</marc:subfield><marc:subfield code="b">ger</marc:subfield><marc:subfield code="c">DE-101</marc:subfield><marc:subfield code="d">9999</marc:subfield></marc:datafield><marc:datafield tag="041" ind1=" " ind2=" "><marc:subfield code="a">ger</marc:subfield><marc:subfield code="h">eng</marc:subfield></marc:datafield><marc:datafield tag="044" ind1=" " ind2=" "><marc:subfield code="c">XA-DE</marc:subfield></marc:datafield><marc:datafield tag="082" ind1="7" ind2="4"><marc:subfield code="a">820</marc:subfield><marc:subfield code="a">B</marc:subfield><marc:subfield code="q">DE-101</marc:subfield><marc:subfield code="2">22sdnb</marc:subfield></marc:datafield><marc:datafield tag="090" ind1=" " ind2=" "><marc:subfield code="a">b</marc:subfield></marc:datafield><marc:datafield tag="100" ind1="1" ind2=" "><marc:subfield code="0">(DE-588)118656929</marc:subfield><marc:subfield code="0">https://d-nb.info/gnd/118656929</marc:subfield><marc:subfield code="0">(DE-101)118656929</marc:subfield><marc:subfield code="a">Ballard, J. G.</marc:subfield><marc:subfield code="d">1930-2009</marc:subfield><marc:subfield code="e">Verfasser</marc:subfield><marc:subfield code="4">aut</marc:subfield><marc:subfield code="2">gnd</marc:subfield><marc:subfield code="1">http://viaf.org/viaf/9842556</marc:subfield><marc:subfield code="4">http://rdaregistry.info/Elements/w/object/P10061</marc:subfield></marc:datafield><marc:datafield tag="245" ind1="1" ind2="0"><marc:subfield code="a">Kristallwelt</marc:subfield><marc:subfield code="c">J. G. Ballard. Aus dem Engl. von Joachim Körber</marc:subfield></marc:datafield><marc:datafield tag="250" ind1=" " ind2=" "><marc:subfield code="a">Ungekürzte Neuübers., 1. Aufl.</marc:subfield></marc:datafield><marc:datafield tag="259" ind1=" " ind2=" "><marc:subfield code="a">11</marc:subfield></marc:datafield><marc:datafield tag="264" ind1=" " ind2="1"><marc:subfield code="a">Bellheim</marc:subfield><marc:subfield code="b">Ed. Phantasia</marc:subfield><marc:subfield code="c">2005</marc:subfield></marc:datafield><marc:datafield tag="300" ind1=" " ind2=" "><marc:subfield code="a">159 S.</marc:subfield><marc:subfield code="c">21 cm</marc:subfield></marc:datafield><marc:datafield tag="336" ind1=" " ind2=" "><marc:subfield code="a">Text</marc:subfield><marc:subfield code="b">txt</marc:subfield><marc:subfield code="2">rdacontent</marc:subfield></marc:datafield><marc:datafield tag="337" ind1=" " ind2=" "><marc:subfield code="a">ohne Hilfsmittel zu benutzen</marc:subfield><marc:subfield code="b">n</marc:subfield><marc:subfield code="2">rdamedia</marc:subfield></marc:datafield><marc:datafield tag="338" ind1=" " ind2=" "><marc:subfield code="a">Band</marc:subfield><marc:subfield code="b">nc</marc:subfield><marc:subfield code="2">rdacarrier</marc:subfield></marc:datafield><marc:datafield tag="490" ind1="1" ind2=" "><marc:subfield code="a">Phantasia-Paperback : [...], Science-Fiction</marc:subfield><marc:subfield code="v">Bd. 1003</marc:subfield></marc:datafield><marc:datafield tag="520" ind1=" " ind2=" "><marc:subfield code="a">Eine geheimnisvolle Krankheit verseucht alles Leben auf einer fernen Insel. Sie ruft Veränderungen der Zellstruktur hervor und läßt aus dem tropischen Regenwald eine phantastische Kristallwelt entstehen, in der alles zu kristallisieren beginnt. Während die Menschen fliehen, übt der glitzernde Dschungel einen unwiderstehlichen Zauber auf Dr. Sanders und seine Begleiter aus, die schließlich in das Zentrum des verbotenen Gebietes vordringen. J. G. Ballard ist in England einer der maßgeblichen Schriftsteller. Seit den sechziger Jahren ist er immer wieder als Neuerer der Science Fiction und Literatur aufgetreten. Sein Werk wird kontrovers diskutiert. Sein autobiographischer Roman Das Reich der Sonne wurde von Steven Spielberg verfilmt, sein pornographischer Auto-Roman Crash von David Cronenberg. Kristallwelt, 1966 erschienen, ist ein früher Höhepunkt seines schriftstellerischen Schaffens.</marc:subfield></marc:datafield><marc:datafield tag="653" ind1=" " ind2=" "><marc:subfield code="a">(VLB-PF)BC: Paperback</marc:subfield></marc:datafield><marc:datafield tag="653" ind1=" " ind2=" "><marc:subfield code="a">(VLB-WG)130: Belletristik / Science Fiction, Fantasy</marc:subfield></marc:datafield><marc:datafield tag="653" ind1=" " ind2=" "><marc:subfield code="a">(VLB-WI)1: Hardcover, Softcover, Karte</marc:subfield></marc:datafield><marc:datafield tag="700" ind1="1" ind2="2"><marc:subfield code="a">Ballard, J. G.</marc:subfield><marc:subfield code="d">1930-2009</marc:subfield><marc:subfield code="2">gnd</marc:subfield><marc:subfield code="t">The crystal world</marc:subfield><marc:subfield code="g">dt.</marc:subfield><marc:subfield code="1">http://viaf.org/viaf/307967896</marc:subfield></marc:datafield><marc:datafield tag="830" ind1=" " ind2="0"><marc:subfield code="a">Phantasia-Paperback / Science-Fiction</marc:subfield><marc:subfield code="n">[...]</marc:subfield><marc:subfield code="p">Science-Fiction</marc:subfield><marc:subfield code="t">Phantasia-Paperback</marc:subfield><marc:subfield code="v">Bd. 1003</marc:subfield><marc:subfield code="w">(DE-101)974088293</marc:subfield><marc:subfield code="w">(DE-600)2282270-7</marc:subfield><marc:subfield code="9">41003</marc:subfield><marc:subfield code="7">as</marc:subfield></marc:datafield></marc:record>