
<marc:record><marc:leader>01246nam a2200313 c 4500</marc:leader>
<marc:controlfield tag="001">960311629</marc:controlfield>
<marc:controlfield tag="003">DE-101</marc:controlfield><marc:controlfield tag="005">20171203101721.0</marc:controlfield><marc:controlfield tag="007">tu</marc:controlfield><marc:controlfield tag="008">001130s1997    gw ||||| |||| 00||||ger  </marc:controlfield><marc:datafield tag="015" ind1=" " ind2=" "><marc:subfield code="a">01,A07,1530</marc:subfield><marc:subfield code="2">dnb</marc:subfield></marc:datafield><marc:datafield tag="016" ind1="7" ind2=" "><marc:subfield code="2">DE-101</marc:subfield><marc:subfield code="a">960311629</marc:subfield></marc:datafield><marc:datafield tag="020" ind1=" " ind2=" "><marc:subfield code="a">3924959447</marc:subfield><marc:subfield code="c">Gewebe : DM 88.00, S 650.00, sfr 88.00</marc:subfield><marc:subfield code="9">3-924959-44-7</marc:subfield></marc:datafield><marc:datafield tag="020" ind1=" " ind2=" "><marc:subfield code="a">9783924959449</marc:subfield><marc:subfield code="c">Gewebe : DM 88.00, S 650.00, sfr 88.00</marc:subfield><marc:subfield code="9">978-3-924959-44-9</marc:subfield></marc:datafield><marc:datafield tag="040" ind1=" " ind2=" "><marc:subfield code="a">1240</marc:subfield><marc:subfield code="b">ger</marc:subfield><marc:subfield code="c">DE-101</marc:subfield><marc:subfield code="d">9999</marc:subfield></marc:datafield><marc:datafield tag="041" ind1=" " ind2=" "><marc:subfield code="a">ger</marc:subfield><marc:subfield code="h">eng</marc:subfield></marc:datafield><marc:datafield tag="044" ind1=" " ind2=" "><marc:subfield code="c">XA-DE</marc:subfield></marc:datafield><marc:datafield tag="084" ind1=" " ind2=" "><marc:subfield code="a">59</marc:subfield><marc:subfield code="a">810</marc:subfield><marc:subfield code="a">820</marc:subfield><marc:subfield code="a">830</marc:subfield><marc:subfield code="a">839</marc:subfield><marc:subfield code="a">840</marc:subfield><marc:subfield code="a">850</marc:subfield><marc:subfield code="a">860</marc:subfield><marc:subfield code="a">870</marc:subfield><marc:subfield code="a">880</marc:subfield><marc:subfield code="a">890</marc:subfield><marc:subfield code="a">B</marc:subfield><marc:subfield code="q">DE-101</marc:subfield><marc:subfield code="2">sdnb</marc:subfield></marc:datafield><marc:datafield tag="090" ind1=" " ind2=" "><marc:subfield code="a">b</marc:subfield></marc:datafield><marc:datafield tag="100" ind1="1" ind2=" "><marc:subfield code="0">(DE-588)118656929</marc:subfield><marc:subfield code="0">https://d-nb.info/gnd/118656929</marc:subfield><marc:subfield code="0">(DE-101)118656929</marc:subfield><marc:subfield code="a">Ballard, J. G.</marc:subfield><marc:subfield code="d">1930-2009</marc:subfield><marc:subfield code="e">Verfasser</marc:subfield><marc:subfield code="4">aut</marc:subfield><marc:subfield code="2">gnd</marc:subfield><marc:subfield code="1">http://viaf.org/viaf/9842556</marc:subfield><marc:subfield code="4">http://rdaregistry.info/Elements/w/object/P10061</marc:subfield></marc:datafield><marc:datafield tag="240" ind1="1" ind2="0"><marc:subfield code="a">Running Wild</marc:subfield><marc:subfield code="1">http://viaf.org/viaf/481153289950332770009</marc:subfield></marc:datafield><marc:datafield tag="245" ind1="1" ind2="0"><marc:subfield code="a">Running wild</marc:subfield><marc:subfield code="b">das Pangbourne-Massaker</marc:subfield><marc:subfield code="c">J. G. Ballard. Aus dem Engl. von Joachim Körber</marc:subfield></marc:datafield><marc:datafield tag="250" ind1=" " ind2=" "><marc:subfield code="a">Limitierte Aufl.</marc:subfield></marc:datafield><marc:datafield tag="259" ind1=" " ind2=" "><marc:subfield code="a">lia</marc:subfield></marc:datafield><marc:datafield tag="264" ind1=" " ind2="1"><marc:subfield code="a">Bellheim</marc:subfield><marc:subfield code="b">Ed. Phantasia</marc:subfield><marc:subfield code="c">1997</marc:subfield></marc:datafield><marc:datafield tag="300" ind1=" " ind2=" "><marc:subfield code="a">78 S.</marc:subfield><marc:subfield code="c">30 cm</marc:subfield></marc:datafield><marc:datafield tag="336" ind1=" " ind2=" "><marc:subfield code="a">Text</marc:subfield><marc:subfield code="b">txt</marc:subfield><marc:subfield code="2">rdacontent</marc:subfield></marc:datafield><marc:datafield tag="337" ind1=" " ind2=" "><marc:subfield code="a">ohne Hilfsmittel zu benutzen</marc:subfield><marc:subfield code="b">n</marc:subfield><marc:subfield code="2">rdamedia</marc:subfield></marc:datafield><marc:datafield tag="338" ind1=" " ind2=" "><marc:subfield code="a">Band</marc:subfield><marc:subfield code="b">nc</marc:subfield><marc:subfield code="2">rdacarrier</marc:subfield></marc:datafield></marc:record>