
<marc:record><marc:leader>01442nam a2200349 c 4500</marc:leader>
<marc:controlfield tag="001">921195443</marc:controlfield>
<marc:controlfield tag="003">DE-101</marc:controlfield><marc:controlfield tag="005">20171202173123.0</marc:controlfield><marc:controlfield tag="007">tu</marc:controlfield><marc:controlfield tag="008">920902s1992    gw ||||| |||| 00||||ger  </marc:controlfield><marc:datafield tag="015" ind1=" " ind2=" "><marc:subfield code="a">92,A40,1138</marc:subfield><marc:subfield code="2">dnb</marc:subfield></marc:datafield><marc:datafield tag="016" ind1="7" ind2=" "><marc:subfield code="2">DE-101</marc:subfield><marc:subfield code="a">921195443</marc:subfield></marc:datafield><marc:datafield tag="020" ind1=" " ind2=" "><marc:subfield code="a">3518384538</marc:subfield><marc:subfield code="c">kart. : DM 12.00</marc:subfield><marc:subfield code="9">3-518-38453-8</marc:subfield></marc:datafield><marc:datafield tag="020" ind1=" " ind2=" "><marc:subfield code="a">9783518384534</marc:subfield><marc:subfield code="c">kart. : DM 12.00</marc:subfield><marc:subfield code="9">978-3-518-38453-4</marc:subfield></marc:datafield><marc:datafield tag="040" ind1=" " ind2=" "><marc:subfield code="a">1200</marc:subfield><marc:subfield code="b">ger</marc:subfield><marc:subfield code="c">DE-101</marc:subfield><marc:subfield code="d">9999</marc:subfield></marc:datafield><marc:datafield tag="041" ind1=" " ind2=" "><marc:subfield code="8">1\p</marc:subfield><marc:subfield code="a">ger</marc:subfield></marc:datafield><marc:datafield tag="044" ind1=" " ind2=" "><marc:subfield code="c">XA-DE</marc:subfield></marc:datafield><marc:datafield tag="084" ind1=" " ind2=" "><marc:subfield code="a">59</marc:subfield><marc:subfield code="a">810</marc:subfield><marc:subfield code="a">820</marc:subfield><marc:subfield code="a">830</marc:subfield><marc:subfield code="a">839</marc:subfield><marc:subfield code="a">840</marc:subfield><marc:subfield code="a">850</marc:subfield><marc:subfield code="a">860</marc:subfield><marc:subfield code="a">870</marc:subfield><marc:subfield code="a">880</marc:subfield><marc:subfield code="a">890</marc:subfield><marc:subfield code="a">B</marc:subfield><marc:subfield code="q">DE-101</marc:subfield><marc:subfield code="2">sdnb</marc:subfield></marc:datafield><marc:datafield tag="100" ind1="1" ind2=" "><marc:subfield code="0">(DE-588)118656929</marc:subfield><marc:subfield code="0">https://d-nb.info/gnd/118656929</marc:subfield><marc:subfield code="0">(DE-101)118656929</marc:subfield><marc:subfield code="a">Ballard, J. G.</marc:subfield><marc:subfield code="d">1930-2009</marc:subfield><marc:subfield code="e">Verfasser</marc:subfield><marc:subfield code="4">aut</marc:subfield><marc:subfield code="2">gnd</marc:subfield><marc:subfield code="1">http://viaf.org/viaf/9842556</marc:subfield><marc:subfield code="4">http://rdaregistry.info/Elements/w/object/P10061</marc:subfield></marc:datafield><marc:datafield tag="240" ind1="1" ind2="0"><marc:subfield code="a">Concrete Island</marc:subfield><marc:subfield code="1">http://viaf.org/viaf/174604532</marc:subfield></marc:datafield><marc:datafield tag="245" ind1="1" ind2="0"><marc:subfield code="a">Betoninsel</marc:subfield><marc:subfield code="b">Roman</marc:subfield><marc:subfield code="c">J. G. Ballard. Aus dem Engl. von Herbert Genzmer</marc:subfield></marc:datafield><marc:datafield tag="250" ind1=" " ind2=" "><marc:subfield code="a">Erstausg., 1. Aufl.</marc:subfield></marc:datafield><marc:datafield tag="259" ind1=" " ind2=" "><marc:subfield code="a">11</marc:subfield></marc:datafield><marc:datafield tag="264" ind1=" " ind2="1"><marc:subfield code="a">Frankfurt am Main</marc:subfield><marc:subfield code="b">Suhrkamp</marc:subfield><marc:subfield code="c">1992</marc:subfield></marc:datafield><marc:datafield tag="300" ind1=" " ind2=" "><marc:subfield code="a">136 S.</marc:subfield><marc:subfield code="c">18 cm</marc:subfield></marc:datafield><marc:datafield tag="336" ind1=" " ind2=" "><marc:subfield code="a">Text</marc:subfield><marc:subfield code="b">txt</marc:subfield><marc:subfield code="2">rdacontent</marc:subfield></marc:datafield><marc:datafield tag="337" ind1=" " ind2=" "><marc:subfield code="a">ohne Hilfsmittel zu benutzen</marc:subfield><marc:subfield code="b">n</marc:subfield><marc:subfield code="2">rdamedia</marc:subfield></marc:datafield><marc:datafield tag="338" ind1=" " ind2=" "><marc:subfield code="a">Band</marc:subfield><marc:subfield code="b">nc</marc:subfield><marc:subfield code="2">rdacarrier</marc:subfield></marc:datafield><marc:datafield tag="490" ind1="1" ind2=" "><marc:subfield code="a">Phantastische Bibliothek</marc:subfield><marc:subfield code="v">Bd. 283</marc:subfield></marc:datafield><marc:datafield tag="490" ind1="1" ind2=" "><marc:subfield code="a">Suhrkamp Taschenbuch</marc:subfield><marc:subfield code="v">1953</marc:subfield></marc:datafield><marc:datafield tag="830" ind1=" " ind2="0"><marc:subfield code="a">Phantastische Bibliothek</marc:subfield><marc:subfield code="v">Bd. 283</marc:subfield><marc:subfield code="w">(DE-101)012995118</marc:subfield><marc:subfield code="w">(DE-600)547149-7</marc:subfield><marc:subfield code="9">3283</marc:subfield><marc:subfield code="7">as</marc:subfield></marc:datafield><marc:datafield tag="830" ind1=" " ind2="0"><marc:subfield code="a">Suhrkamp Taschenbuch</marc:subfield><marc:subfield code="v">1953</marc:subfield><marc:subfield code="w">(DE-101)015103463</marc:subfield><marc:subfield code="w">(DE-600)968207-7</marc:subfield><marc:subfield code="9">41953</marc:subfield><marc:subfield code="7">as</marc:subfield></marc:datafield></marc:record>