
<marc:record><marc:leader>01444nam a2200313 c 4500</marc:leader>
<marc:controlfield tag="001">930049772</marc:controlfield>
<marc:controlfield tag="003">DE-101</marc:controlfield><marc:controlfield tag="005">20171202175004.0</marc:controlfield><marc:controlfield tag="007">tu</marc:controlfield><marc:controlfield tag="008">921120s1992    gw ||||| |||| 00||||ger  </marc:controlfield><marc:datafield tag="015" ind1=" " ind2=" "><marc:subfield code="a">93,A02,1426</marc:subfield><marc:subfield code="2">dnb</marc:subfield></marc:datafield><marc:datafield tag="016" ind1="7" ind2=" "><marc:subfield code="2">DE-101</marc:subfield><marc:subfield code="a">930049772</marc:subfield></marc:datafield><marc:datafield tag="020" ind1=" " ind2=" "><marc:subfield code="a">3453061241</marc:subfield><marc:subfield code="c">kart. : DM 12.80, S 99.50</marc:subfield><marc:subfield code="9">3-453-06124-1</marc:subfield></marc:datafield><marc:datafield tag="020" ind1=" " ind2=" "><marc:subfield code="a">9783453061248</marc:subfield><marc:subfield code="c">kart. : DM 12.80, S 99.50</marc:subfield><marc:subfield code="9">978-3-453-06124-8</marc:subfield></marc:datafield><marc:datafield tag="040" ind1=" " ind2=" "><marc:subfield code="a">1200</marc:subfield><marc:subfield code="b">ger</marc:subfield><marc:subfield code="c">DE-101</marc:subfield><marc:subfield code="d">9999</marc:subfield></marc:datafield><marc:datafield tag="041" ind1=" " ind2=" "><marc:subfield code="a">ger</marc:subfield></marc:datafield><marc:datafield tag="044" ind1=" " ind2=" "><marc:subfield code="c">XA-DE</marc:subfield></marc:datafield><marc:datafield tag="084" ind1=" " ind2=" "><marc:subfield code="a">59</marc:subfield><marc:subfield code="a">810</marc:subfield><marc:subfield code="a">820</marc:subfield><marc:subfield code="a">830</marc:subfield><marc:subfield code="a">839</marc:subfield><marc:subfield code="a">840</marc:subfield><marc:subfield code="a">850</marc:subfield><marc:subfield code="a">860</marc:subfield><marc:subfield code="a">870</marc:subfield><marc:subfield code="a">880</marc:subfield><marc:subfield code="a">890</marc:subfield><marc:subfield code="a">B</marc:subfield><marc:subfield code="q">DE-101</marc:subfield><marc:subfield code="2">sdnb</marc:subfield></marc:datafield><marc:datafield tag="100" ind1="1" ind2=" "><marc:subfield code="0">(DE-588)118656929</marc:subfield><marc:subfield code="0">https://d-nb.info/gnd/118656929</marc:subfield><marc:subfield code="0">(DE-101)118656929</marc:subfield><marc:subfield code="a">Ballard, J. G.</marc:subfield><marc:subfield code="d">1930-2009</marc:subfield><marc:subfield code="e">Verfasser</marc:subfield><marc:subfield code="4">aut</marc:subfield><marc:subfield code="2">gnd</marc:subfield><marc:subfield code="1">http://viaf.org/viaf/9842556</marc:subfield><marc:subfield code="4">http://rdaregistry.info/Elements/w/object/P10061</marc:subfield></marc:datafield><marc:datafield tag="245" ind1="1" ind2="0"><marc:subfield code="a">Das Reich der Sonne</marc:subfield><marc:subfield code="b">Roman</marc:subfield><marc:subfield code="c">James G. Ballard. [Aus dem Engl. von Juliane Gräbener und Marianne Menzel]</marc:subfield></marc:datafield><marc:datafield tag="264" ind1=" " ind2="1"><marc:subfield code="a">München</marc:subfield><marc:subfield code="b">Heyne</marc:subfield><marc:subfield code="c">1992</marc:subfield></marc:datafield><marc:datafield tag="300" ind1=" " ind2=" "><marc:subfield code="a">398 S.</marc:subfield><marc:subfield code="c">18 cm</marc:subfield></marc:datafield><marc:datafield tag="336" ind1=" " ind2=" "><marc:subfield code="a">Text</marc:subfield><marc:subfield code="b">txt</marc:subfield><marc:subfield code="2">rdacontent</marc:subfield></marc:datafield><marc:datafield tag="337" ind1=" " ind2=" "><marc:subfield code="a">ohne Hilfsmittel zu benutzen</marc:subfield><marc:subfield code="b">n</marc:subfield><marc:subfield code="2">rdamedia</marc:subfield></marc:datafield><marc:datafield tag="338" ind1=" " ind2=" "><marc:subfield code="a">Band</marc:subfield><marc:subfield code="b">nc</marc:subfield><marc:subfield code="2">rdacarrier</marc:subfield></marc:datafield><marc:datafield tag="490" ind1="1" ind2=" "><marc:subfield code="a">Heyne-Bücher : 1, Heyne allgemeine Reihe</marc:subfield><marc:subfield code="v">Nr. 8621</marc:subfield></marc:datafield><marc:datafield tag="500" ind1=" " ind2=" "><marc:subfield code="a">Lizenz des Piper-Verl., München</marc:subfield></marc:datafield><marc:datafield tag="700" ind1="1" ind2="2"><marc:subfield code="a">Ballard, J. G.</marc:subfield><marc:subfield code="d">1930-2009</marc:subfield><marc:subfield code="2">gnd</marc:subfield><marc:subfield code="t">Empire of the sun</marc:subfield><marc:subfield code="g">dt.</marc:subfield><marc:subfield code="1">http://viaf.org/viaf/180997771</marc:subfield></marc:datafield><marc:datafield tag="830" ind1=" " ind2="0"><marc:subfield code="a">Heyne-Bücher / 1</marc:subfield><marc:subfield code="n">1</marc:subfield><marc:subfield code="p">Heyne allgemeine Reihe</marc:subfield><marc:subfield code="t">Heyne-Bücher</marc:subfield><marc:subfield code="v">Nr. 8621</marc:subfield><marc:subfield code="w">(DE-101)023536829</marc:subfield><marc:subfield code="w">(DE-600)2080203-1</marc:subfield><marc:subfield code="9">48621</marc:subfield><marc:subfield code="7">as</marc:subfield></marc:datafield></marc:record>