
<marc:record><marc:leader>01388nam a2200325 c 4500</marc:leader>
<marc:controlfield tag="001">890031215</marc:controlfield>
<marc:controlfield tag="003">DE-101</marc:controlfield><marc:controlfield tag="005">20171202132309.0</marc:controlfield><marc:controlfield tag="007">tu</marc:controlfield><marc:controlfield tag="008">881220s1988    gw ||||| |||| 00||||ger  </marc:controlfield><marc:datafield tag="015" ind1=" " ind2=" "><marc:subfield code="a">89,A02,1497</marc:subfield><marc:subfield code="2">dnb</marc:subfield></marc:datafield><marc:datafield tag="016" ind1="7" ind2=" "><marc:subfield code="2">DE-101</marc:subfield><marc:subfield code="a">890031215</marc:subfield></marc:datafield><marc:datafield tag="020" ind1=" " ind2=" "><marc:subfield code="a">3404241126</marc:subfield><marc:subfield code="c">kart. : DM 7.80, sfr 7.80, S 61.00</marc:subfield><marc:subfield code="9">3-404-24112-6</marc:subfield></marc:datafield><marc:datafield tag="020" ind1=" " ind2=" "><marc:subfield code="a">9783404241125</marc:subfield><marc:subfield code="c">kart. : DM 7.80, sfr 7.80, S 61.00</marc:subfield><marc:subfield code="9">978-3-404-24112-5</marc:subfield></marc:datafield><marc:datafield tag="040" ind1=" " ind2=" "><marc:subfield code="a">1200</marc:subfield><marc:subfield code="b">ger</marc:subfield><marc:subfield code="c">DE-101</marc:subfield><marc:subfield code="d">9999</marc:subfield></marc:datafield><marc:datafield tag="041" ind1=" " ind2=" "><marc:subfield code="8">1\p</marc:subfield><marc:subfield code="a">ger</marc:subfield></marc:datafield><marc:datafield tag="044" ind1=" " ind2=" "><marc:subfield code="c">XA-DE</marc:subfield></marc:datafield><marc:datafield tag="084" ind1=" " ind2=" "><marc:subfield code="a">59</marc:subfield><marc:subfield code="a">810</marc:subfield><marc:subfield code="a">820</marc:subfield><marc:subfield code="a">830</marc:subfield><marc:subfield code="a">839</marc:subfield><marc:subfield code="a">840</marc:subfield><marc:subfield code="a">850</marc:subfield><marc:subfield code="a">860</marc:subfield><marc:subfield code="a">870</marc:subfield><marc:subfield code="a">880</marc:subfield><marc:subfield code="a">890</marc:subfield><marc:subfield code="a">B</marc:subfield><marc:subfield code="q">DE-101</marc:subfield><marc:subfield code="2">sdnb</marc:subfield></marc:datafield><marc:datafield tag="245" ind1="0" ind2="0"><marc:subfield code="a">Das unentdeckte Land</marc:subfield><marc:subfield code="b">Geschichten über d. Leben nach d. Tod</marc:subfield><marc:subfield code="c">hrsg. von Pamela Sargent u. Ian Watson. [J. G. Ballard ...]</marc:subfield></marc:datafield><marc:datafield tag="250" ind1=" " ind2=" "><marc:subfield code="a">Dt. Erstveröff., dt. Lizenzausg., 1. Aufl.</marc:subfield></marc:datafield><marc:datafield tag="259" ind1=" " ind2=" "><marc:subfield code="a">11</marc:subfield></marc:datafield><marc:datafield tag="264" ind1=" " ind2="1"><marc:subfield code="a">Bergisch Gladbach</marc:subfield><marc:subfield code="b">Bastei-Verl. Lübbe</marc:subfield><marc:subfield code="c">1988</marc:subfield></marc:datafield><marc:datafield tag="300" ind1=" " ind2=" "><marc:subfield code="a">351 S.</marc:subfield><marc:subfield code="c">18 cm</marc:subfield></marc:datafield><marc:datafield tag="336" ind1=" " ind2=" "><marc:subfield code="a">Text</marc:subfield><marc:subfield code="b">txt</marc:subfield><marc:subfield code="2">rdacontent</marc:subfield></marc:datafield><marc:datafield tag="337" ind1=" " ind2=" "><marc:subfield code="a">ohne Hilfsmittel zu benutzen</marc:subfield><marc:subfield code="b">n</marc:subfield><marc:subfield code="2">rdamedia</marc:subfield></marc:datafield><marc:datafield tag="338" ind1=" " ind2=" "><marc:subfield code="a">Band</marc:subfield><marc:subfield code="b">nc</marc:subfield><marc:subfield code="2">rdacarrier</marc:subfield></marc:datafield><marc:datafield tag="490" ind1="1" ind2=" "><marc:subfield code="a">Bastei-Lübbe-Taschenbuch</marc:subfield><marc:subfield code="v">Bd. 24112 : Science-fiction-Special</marc:subfield></marc:datafield><marc:datafield tag="700" ind1="1" ind2=" "><marc:subfield code="0">(DE-588)119500701</marc:subfield><marc:subfield code="0">https://d-nb.info/gnd/119500701</marc:subfield><marc:subfield code="0">(DE-101)119500701</marc:subfield><marc:subfield code="a">Sargent, Pamela</marc:subfield><marc:subfield code="d">1948-</marc:subfield><marc:subfield code="e">Herausgeber</marc:subfield><marc:subfield code="4">edt</marc:subfield><marc:subfield code="2">gnd</marc:subfield></marc:datafield><marc:datafield tag="730" ind1="0" ind2="2"><marc:subfield code="a">Afterlives</marc:subfield><marc:subfield code="g">dt.</marc:subfield></marc:datafield><marc:datafield tag="830" ind1=" " ind2="0"><marc:subfield code="a">Bastei-Lübbe-Taschenbuch</marc:subfield><marc:subfield code="v">Bd. 24112 : Science-fiction-Special</marc:subfield><marc:subfield code="w">(DE-101)010434747</marc:subfield><marc:subfield code="w">(DE-600)49563-3</marc:subfield><marc:subfield code="9">524112</marc:subfield><marc:subfield code="7">as</marc:subfield></marc:datafield></marc:record>