
<marc:record><marc:leader>01725pam a2200397 c 4500</marc:leader>
<marc:controlfield tag="001">850541085</marc:controlfield>
<marc:controlfield tag="003">DE-101</marc:controlfield><marc:controlfield tag="005">20171202095502.0</marc:controlfield><marc:controlfield tag="007">tu</marc:controlfield><marc:controlfield tag="008">870518s1985    gw ||||| |||| 00||||ger  </marc:controlfield><marc:datafield tag="015" ind1=" " ind2=" "><marc:subfield code="a">87,A23,0936</marc:subfield><marc:subfield code="z">85,N25,0228</marc:subfield><marc:subfield code="2">dnb</marc:subfield></marc:datafield><marc:datafield tag="016" ind1="7" ind2=" "><marc:subfield code="2">DE-101</marc:subfield><marc:subfield code="a">850541085</marc:subfield></marc:datafield><marc:datafield tag="020" ind1=" " ind2=" "><marc:subfield code="a">3890482066</marc:subfield><marc:subfield code="c">kart. : DM 19.80</marc:subfield><marc:subfield code="9">3-89048-206-6</marc:subfield></marc:datafield><marc:datafield tag="020" ind1=" " ind2=" "><marc:subfield code="a">9783890482064</marc:subfield><marc:subfield code="c">kart. : DM 19.80</marc:subfield><marc:subfield code="9">978-3-89048-206-4</marc:subfield></marc:datafield><marc:datafield tag="040" ind1=" " ind2=" "><marc:subfield code="a">1200</marc:subfield><marc:subfield code="b">ger</marc:subfield><marc:subfield code="c">DE-101</marc:subfield><marc:subfield code="d">9999</marc:subfield></marc:datafield><marc:datafield tag="041" ind1=" " ind2=" "><marc:subfield code="a">ger</marc:subfield></marc:datafield><marc:datafield tag="043" ind1=" " ind2=" "><marc:subfield code="c">XA-GB</marc:subfield></marc:datafield><marc:datafield tag="044" ind1=" " ind2=" "><marc:subfield code="c">XA-DE</marc:subfield></marc:datafield><marc:datafield tag="084" ind1=" " ind2=" "><marc:subfield code="a">12.2p</marc:subfield><marc:subfield code="q">DE-101</marc:subfield><marc:subfield code="2">sswd</marc:subfield></marc:datafield><marc:datafield tag="084" ind1=" " ind2=" "><marc:subfield code="a">52</marc:subfield><marc:subfield code="a">420</marc:subfield><marc:subfield code="a">810</marc:subfield><marc:subfield code="a">820</marc:subfield><marc:subfield code="q">DE-101</marc:subfield><marc:subfield code="2">sdnb</marc:subfield></marc:datafield><marc:datafield tag="245" ind1="0" ind2="0"><marc:subfield code="a">J. G. Ballard - der Visionär des Phantastischen</marc:subfield><marc:subfield code="c">hrsg. von Joachim Körber</marc:subfield></marc:datafield><marc:datafield tag="264" ind1=" " ind2="1"><marc:subfield code="a">Meitingen</marc:subfield><marc:subfield code="b">Corian-Verlag Wimmer</marc:subfield><marc:subfield code="c">1985</marc:subfield></marc:datafield><marc:datafield tag="300" ind1=" " ind2=" "><marc:subfield code="a">176 S.</marc:subfield><marc:subfield code="c">21 cm</marc:subfield></marc:datafield><marc:datafield tag="336" ind1=" " ind2=" "><marc:subfield code="a">Text</marc:subfield><marc:subfield code="b">txt</marc:subfield><marc:subfield code="2">rdacontent</marc:subfield></marc:datafield><marc:datafield tag="337" ind1=" " ind2=" "><marc:subfield code="a">ohne Hilfsmittel zu benutzen</marc:subfield><marc:subfield code="b">n</marc:subfield><marc:subfield code="2">rdamedia</marc:subfield></marc:datafield><marc:datafield tag="338" ind1=" " ind2=" "><marc:subfield code="a">Band</marc:subfield><marc:subfield code="b">nc</marc:subfield><marc:subfield code="2">rdacarrier</marc:subfield></marc:datafield><marc:datafield tag="490" ind1="1" ind2=" "><marc:subfield code="a">Edition Futurum</marc:subfield><marc:subfield code="v">Bd. 6</marc:subfield></marc:datafield><marc:datafield tag="600" ind1="1" ind2="7"><marc:subfield code="0">(DE-588)118656929</marc:subfield><marc:subfield code="0">https://d-nb.info/gnd/118656929</marc:subfield><marc:subfield code="0">(DE-101)118656929</marc:subfield><marc:subfield code="a">Ballard, J. G.</marc:subfield><marc:subfield code="d">1930-2009</marc:subfield><marc:subfield code="9">rswk-swf</marc:subfield><marc:subfield code="2">gnd</marc:subfield><marc:subfield code="1">http://viaf.org/viaf/9842556</marc:subfield></marc:datafield><marc:datafield tag="655" ind1=" " ind2="7"><marc:subfield code="0">(DE-588)4143413-4</marc:subfield><marc:subfield code="0">https://d-nb.info/gnd/4143413-4</marc:subfield><marc:subfield code="0">(DE-101)041434137</marc:subfield><marc:subfield code="a">Aufsatzsammlung</marc:subfield><marc:subfield code="2">gnd-content</marc:subfield></marc:datafield><marc:datafield tag="655" ind1=" " ind2="7"><marc:subfield code="a">Aufsatzsammlung</marc:subfield><marc:subfield code="9">rswk-swf</marc:subfield><marc:subfield code="2">gnd</marc:subfield></marc:datafield><marc:datafield tag="689" ind1="0" ind2=" "><marc:subfield code="5">DE-101</marc:subfield><marc:subfield code="5">DE-101</marc:subfield></marc:datafield><marc:datafield tag="689" ind1="0" ind2="0"><marc:subfield code="0">(DE-588)118656929</marc:subfield><marc:subfield code="0">https://d-nb.info/gnd/118656929</marc:subfield><marc:subfield code="0">(DE-101)118656929</marc:subfield><marc:subfield code="D">p</marc:subfield><marc:subfield code="a">Ballard, J. G.</marc:subfield><marc:subfield code="d">1930-2009</marc:subfield></marc:datafield><marc:datafield tag="689" ind1="0" ind2="1"><marc:subfield code="A">f</marc:subfield><marc:subfield code="a">Aufsatzsammlung</marc:subfield></marc:datafield><marc:datafield tag="700" ind1="1" ind2=" "><marc:subfield code="0">(DE-588)120147955</marc:subfield><marc:subfield code="0">https://d-nb.info/gnd/120147955</marc:subfield><marc:subfield code="0">(DE-101)120147955</marc:subfield><marc:subfield code="a">Körber, Joachim</marc:subfield><marc:subfield code="d">1958-</marc:subfield><marc:subfield code="e">Herausgeber</marc:subfield><marc:subfield code="4">edt</marc:subfield><marc:subfield code="2">gnd</marc:subfield></marc:datafield><marc:datafield tag="830" ind1=" " ind2="0"><marc:subfield code="a">Edition Futurum</marc:subfield><marc:subfield code="v">Bd. 6</marc:subfield><marc:subfield code="w">(DE-101)011516437</marc:subfield><marc:subfield code="w">(DE-600)252313-9</marc:subfield><marc:subfield code="9">16</marc:subfield><marc:subfield code="7">as</marc:subfield></marc:datafield><marc:datafield tag="856" ind1="4" ind2="2"><marc:subfield code="m">V:DE-605</marc:subfield><marc:subfield code="q">application/pdf</marc:subfield><marc:subfield code="u">https://d-nb.info/850541085/04</marc:subfield><marc:subfield code="3">Inhaltsverzeichnis</marc:subfield></marc:datafield></marc:record>