
<marc:record><marc:leader>01480nam a2200337 c 4500</marc:leader>
<marc:controlfield tag="001">760067627</marc:controlfield>
<marc:controlfield tag="003">DE-101</marc:controlfield><marc:controlfield tag="005">20171202012046.0</marc:controlfield><marc:controlfield tag="007">tu</marc:controlfield><marc:controlfield tag="008">760115s1975    gw ||||| |||| 00||||ger  </marc:controlfield><marc:datafield tag="015" ind1=" " ind2=" "><marc:subfield code="a">76,A10,0522</marc:subfield><marc:subfield code="2">dnb</marc:subfield></marc:datafield><marc:datafield tag="016" ind1="7" ind2=" "><marc:subfield code="2">DE-101</marc:subfield><marc:subfield code="a">760067627</marc:subfield></marc:datafield><marc:datafield tag="020" ind1=" " ind2=" "><marc:subfield code="a">3878240023</marc:subfield><marc:subfield code="c">kart. : DM 15.00</marc:subfield><marc:subfield code="9">3-87824-002-3</marc:subfield></marc:datafield><marc:datafield tag="020" ind1=" " ind2=" "><marc:subfield code="a">9783878240020</marc:subfield><marc:subfield code="c">kart. : DM 15.00</marc:subfield><marc:subfield code="9">978-3-87824-002-0</marc:subfield></marc:datafield><marc:datafield tag="040" ind1=" " ind2=" "><marc:subfield code="a">1200</marc:subfield><marc:subfield code="b">ger</marc:subfield><marc:subfield code="c">DE-101</marc:subfield><marc:subfield code="d">9999</marc:subfield></marc:datafield><marc:datafield tag="041" ind1=" " ind2=" "><marc:subfield code="a">ger</marc:subfield></marc:datafield><marc:datafield tag="044" ind1=" " ind2=" "><marc:subfield code="c">XA-DE</marc:subfield></marc:datafield><marc:datafield tag="084" ind1=" " ind2=" "><marc:subfield code="a">12a</marc:subfield><marc:subfield code="a">700</marc:subfield><marc:subfield code="a">710</marc:subfield><marc:subfield code="a">720</marc:subfield><marc:subfield code="a">730</marc:subfield><marc:subfield code="a">740</marc:subfield><marc:subfield code="a">750</marc:subfield><marc:subfield code="a">760</marc:subfield><marc:subfield code="a">900</marc:subfield><marc:subfield code="a">930</marc:subfield><marc:subfield code="q">DE-101</marc:subfield><marc:subfield code="2">sdnb</marc:subfield></marc:datafield><marc:datafield tag="100" ind1="1" ind2=" "><marc:subfield code="0">(DE-588)118523481</marc:subfield><marc:subfield code="0">https://d-nb.info/gnd/118523481</marc:subfield><marc:subfield code="0">(DE-101)118523481</marc:subfield><marc:subfield code="a">Dalí, Salvador</marc:subfield><marc:subfield code="d">1904-1989</marc:subfield><marc:subfield code="e">Verfasser</marc:subfield><marc:subfield code="4">aut</marc:subfield><marc:subfield code="2">gnd</marc:subfield><marc:subfield code="1">http://viaf.org/viaf/64004109</marc:subfield><marc:subfield code="4">http://rdaregistry.info/Elements/w/object/P10058</marc:subfield></marc:datafield><marc:datafield tag="240" ind1=" " ind2=" "><marc:subfield code="a">Dalí</marc:subfield><marc:subfield code="1">http://viaf.org/viaf/316306426</marc:subfield></marc:datafield><marc:datafield tag="245" ind1="1" ind2="0"><marc:subfield code="a">Dali</marc:subfield><marc:subfield code="c">mit e. Einf. von J. G. Ballard. Hrsg. von David Larkin. [Übers.: H. H. Woydt]</marc:subfield></marc:datafield><marc:datafield tag="264" ind1=" " ind2="1"><marc:subfield code="a">Hamburg</marc:subfield><marc:subfield code="b">Tradis</marc:subfield><marc:subfield code="a">New York</marc:subfield><marc:subfield code="b">Ballantine Books</marc:subfield><marc:subfield code="c">1975</marc:subfield></marc:datafield><marc:datafield tag="300" ind1=" " ind2=" "><marc:subfield code="a">[48] Bl.</marc:subfield><marc:subfield code="b">überwiegend Ill. (farb.)</marc:subfield><marc:subfield code="c">30 cm</marc:subfield></marc:datafield><marc:datafield tag="336" ind1=" " ind2=" "><marc:subfield code="a">unbewegtes Bild</marc:subfield><marc:subfield code="b">sti</marc:subfield><marc:subfield code="2">rdacontent</marc:subfield></marc:datafield><marc:datafield tag="337" ind1=" " ind2=" "><marc:subfield code="a">ohne Hilfsmittel zu benutzen</marc:subfield><marc:subfield code="b">n</marc:subfield><marc:subfield code="2">rdamedia</marc:subfield></marc:datafield><marc:datafield tag="338" ind1=" " ind2=" "><marc:subfield code="a">Band</marc:subfield><marc:subfield code="b">nc</marc:subfield><marc:subfield code="2">rdacarrier</marc:subfield></marc:datafield><marc:datafield tag="650" ind1=" " ind2="7"><marc:subfield code="a">Bildband</marc:subfield><marc:subfield code="x">Malerei</marc:subfield><marc:subfield code="2">local</marc:subfield></marc:datafield><marc:datafield tag="650" ind1=" " ind2="7"><marc:subfield code="a">Dali, Salvador</marc:subfield><marc:subfield code="2">local</marc:subfield></marc:datafield><marc:datafield tag="655" ind1=" " ind2="7"><marc:subfield code="0">(DE-588)4145395-5</marc:subfield><marc:subfield code="0">https://d-nb.info/gnd/4145395-5</marc:subfield><marc:subfield code="0">(DE-101)041453956</marc:subfield><marc:subfield code="a">Bildband</marc:subfield><marc:subfield code="2">gnd-content</marc:subfield></marc:datafield><marc:datafield tag="700" ind1="1" ind2=" "><marc:subfield code="8">1\p</marc:subfield><marc:subfield code="a">Larkin, David</marc:subfield><marc:subfield code="e">Herausgeber</marc:subfield><marc:subfield code="4">edt</marc:subfield></marc:datafield><marc:datafield tag="700" ind1="1" ind2=" "><marc:subfield code="a">Ballard, J. G.</marc:subfield><marc:subfield code="d">1930-2009</marc:subfield><marc:subfield code="4">aui</marc:subfield><marc:subfield code="1">http://viaf.org/viaf/9842556</marc:subfield></marc:datafield></marc:record>